,Date,Revenue,Day of Week,Day of Month,Month,Year,1st Floor Sales,To Go Sales,Mezz Sales
0,5/5/2020,683.41, Tuesday,5,5,20, 10.00, 595.00,
1,5/6/2020,872.09, Wednesday,6,5,20,0.00,100.00%,
2,5/7/2020,"1,062.70", Thursday,7,5,20, 7.50, 871.25,
3,5/8/2020,"2,213.93", Friday,8,5,20, 7.50," 1,837.50",
4,5/9/2020,"1,234.98", Saturday,9,5,20, 129.50, 914.50,
5,5/10/2020,"1,746.70", Sunday,10,5,20, 6.00," 1,522.75",
6,5/11/2020,713.55, Monday,11,5,20, 27.50, 586.50,
7,5/12/2020,621.64, Tuesday,12,5,20, 36.00, 501.50,
8,5/13/2020,900.32, Wednesday,13,5,20, 140.00, 613.00,
9,5/14/2020,926.88, Thursday,14,5,20, 822.25, 983.50," 1,141.00"
10,5/15/2020,"3,851.81", Friday,15,5,20, 556.00, 823.00, 611.50
11,5/16/2020,"3,921.97", Saturday,16,5,20, 512.00, 921.50, 64.00
12,5/17/2020,"3,783.01", Sunday,17,5,20, 543.00, 624.00, 416.50
13,5/18/2020,"3,878.38", Monday,18,5,20, 561.42, 420.00, 401.50
14,5/19/2020,"3,373.80", Tuesday,19,5,20, 506.00, 474.50, 324.50
15,5/20/2020,"3,804.31", Wednesday,20,5,20, 610.50, 552.25," 1,065.00"
16,5/21/2020,"4,307.20", Thursday,21,5,20, 582.00, 870.00, 425.50
17,5/22/2020,"5,104.90", Friday,22,5,20, 952.50, 723.00, 759.00
18,5/23/2020,"5,838.41", Saturday,23,5,20, 198.00, 999.00, 356.00
19,5/24/2020,"4,248.15", Sunday,24,5,20, 224.50, 405.00, 503.00
20,5/25/2020,"1,434.85", Monday,25,5,20, 355.99, 359.50, 177.50
21,5/26/2020,"2,714.13", Tuesday,26,5,20, 131.50, 412.00, 373.50
22,5/27/2020,"2,550.44", Wednesday,27,5,20, 483.50, 483.00, 413.50
23,5/28/2020,"2,787.40", Thursday,28,5,20," 1,253.50"," 1,036.50", 699.50
24,5/29/2020,"6,994.56", Friday,29,5,20," 1,238.00", 802.50," 1,068.50"
25,5/30/2020,"7,593.27", Saturday,30,5,20, 826.00, 903.25, 134.50
26,5/31/2020,"5,395.22", Sunday,31,5,20, 257.50, 355.00, 460.00
27,6/1/2020,"3,455.85", Monday,1,6,20, 737.00, 393.00, 534.44
28,6/2/2020,"3,926.58", Tuesday,2,6,20, 297.25, 324.50, 588.00
29,6/3/2020,"3,291.89", Wednesday,3,6,20, 314.00, 565.50, 365.75
30,6/4/2020,"2,561.71", Thursday,4,6,20," 1,370.50"," 1,070.25"," 1,044.00"
31,6/5/2020,"7,016.98", Friday,5,6,20," 1,616.50"," 1,047.00", 800.00
32,6/6/2020,"7,460.49", Saturday,6,6,20, 489.50, 997.00, 505.00
33,6/7/2020,"4,989.02", Sunday,7,6,20, 53.50, 331.50, 101.75
34,6/8/2020,"2,088.98", Monday,8,6,20, 932.00, 443.50, 595.82
35,6/9/2020,"3,388.59", Tuesday,9,6,20, 561.00, 335.00, 613.50
36,6/10/2020,"3,795.49", Wednesday,10,6,20, 818.00, 479.50, 951.50
37,6/11/2020,"5,234.93", Thursday,11,6,20," 1,229.00", 784.00, 905.87
38,6/12/2020,"7,543.05", Friday,12,6,20," 1,487.00", 779.75, 796.50
39,6/13/2020,"7,532.64", Saturday,13,6,20, 344.25, 652.25, 306.00
40,6/14/2020,"3,961.35", Sunday,14,6,20, 198.00, 486.50, 229.00
41,6/15/2020,"2,296.61", Monday,15,6,20, 513.00, 307.00, 704.47
42,6/16/2020,"4,288.23", Tuesday,16,6,20, 433.00, 455.50, 441.00
43,6/17/2020,"3,294.83", Wednesday,17,6,20, 248.00, 526.00, 745.75
44,6/18/2020,"3,863.27", Thursday,18,6,20, 959.40," 1,146.00"," 1,000.50"
45,6/19/2020,"3,884.38", Friday,19,6,20, 631.50, 749.50, 95.00
46,6/20/2020,"4,535.61", Saturday,20,6,20, 321.50, 687.00, 231.00
47,6/21/2020,"3,131.28", Sunday,21,6,20, 261.25, 436.00, 153.00
48,6/22/2020,"2,306.86", Monday,22,6,20, 663.50, 464.00, 295.98
49,6/23/2020,"4,555.84", Tuesday,23,6,20, 349.00, 592.50," 1,561.00"
50,6/24/2020,"3,212.97", Wednesday,24,6,20, 486.00, 516.00, 496.50
51,6/25/2020,"4,045.28", Thursday,25,6,20, 874.75, 595.50, 708.50
52,6/26/2020,"7,491.25", Friday,26,6,20," 1,069.87"," 1,045.75"," 1,259.50"
53,6/27/2020,"8,106.95", Saturday,27,6,20, 634.25," 1,100.25", 199.75
54,6/28/2020,"3,881.70", Sunday,28,6,20, 517.00, 418.50, 112.00
55,6/29/2020,"2,671.31", Monday,29,6,20, 263.50, 506.50, 966.98
56,6/30/2020,"4,045.59", Tuesday,30,6,20, 429.00, 651.00, 803.50
57,7/1/2020,"2,402.55", Wednesday,1,7,20, 390.00, 488.00, 684.00
58,7/2/2020,"5,667.96", Thursday,2,7,20, 615.49, 980.75, 132.00
59,7/3/2020,"4,448.64", Friday,3,7,20, 780.50, 808.00, 88.00
60,7/4/2020,"3,510.51", Saturday,4,7,20, 470.00, 559.75, 212.20
61,7/5/2020,"2,722.38", Sunday,5,7,20, 98.00, 427.00, 144.50
62,7/6/2020,"1,767.24", Monday,6,7,20, 468.45, 459.50, 547.50
63,7/7/2020,"4,059.60", Tuesday,7,7,20, 137.15, 524.50, 146.50
64,7/8/2020,"2,332.67", Wednesday,8,7,20, 234.00, 565.50, 421.50
65,7/9/2020,"3,345.14", Thursday,9,7,20, 345.00, 300.00, 442.00
66,7/10/2020,"6,781.47", Friday,10,7,20, 607.00, 968.50, 437.00
67,7/11/2020,"4,948.13", Saturday,11,7,20, 244.01, 95.00, 281.25
68,7/12/2020,-28.75, Sunday,12,7,20, 515.50, 37.00, 530.25
69,7/13/2020,"2,270.23", Monday,13,7,20, 352.00, 172.50, 377.50
70,7/14/2020,"3,661.85", Tuesday,14,7,20, 379.50, 546.00, 563.50
71,7/15/2020,"2,650.27", Wednesday,15,7,20, 558.00," 1,467.50", 847.75
72,7/16/2020,"3,675.21", Thursday,16,7,20, 948.50," 1,414.50"," 1,766.00"
73,7/17/2020,"6,706.31", Friday,17,7,20, 484.00, 679.25, 513.50
74,7/18/2020,"8,181.15", Saturday,18,7,20, 302.25, 462.00, 190.00
75,7/19/2020,"3,397.79", Sunday,19,7,20, 440.00, 581.50, 710.50
76,7/20/2020,"2,233.12", Monday,20,7,20, 202.00, 260.50, 292.50
77,7/21/2020,"4,666.97", Tuesday,21,7,20, 602.01, 486.00, 343.50
78,7/22/2020,"1,933.12", Wednesday,22,7,20, 578.50," 1,259.00", 706.50
79,7/23/2020,"3,647.50", Thursday,23,7,20, 748.50, 634.75, 558.50
80,7/24/2020,"5,850.16", Friday,24,7,20, 412.50," 1,145.00", 310.00
81,7/25/2020,"6,220.40", Saturday,25,7,20, 381.75, 105.00, 143.50
82,7/26/2020,"4,091.62", Sunday,26,7,20, 893.25, 459.75, 563.25
83,7/27/2020,860.58, Monday,27,7,20, 309.00, 146.00, 340.50
84,7/28/2020,"4,564.39", Tuesday,28,7,20, 810.62, 438.50, 590.50
85,7/29/2020,"2,663.54", Wednesday,29,7,20," 1,230.00"," 1,275.00", 939.75
86,7/30/2020,"3,853.83", Thursday,30,7,20," 1,252.50"," 1,160.50", 957.00
87,7/31/2020,"7,903.01", Friday,31,7,20, 477.00, 842.50, 833.50
88,8/1/2020,"9,025.21", Saturday,1,8,20, 338.50, 439.50, 0.00
89,8/2/2020,"4,781.65", Sunday,2,8,20, 918.00, 345.00, 632.50
90,8/3/2020,"3,068.30", Monday,3,8,20, 518.50, 370.00, 236.00
91,8/4/2020,"5,018.43", Tuesday,4,8,20, 353.50, 579.50, 808.50
92,8/5/2020,"3,264.58", Wednesday,5,8,20," 1,584.00"," 1,174.50"," 1,750.52"
93,8/6/2020,"3,927.68", Thursday,6,8,20," 1,915.00", 850.50," 1,812.50"
94,8/7/2020,"9,234.12", Friday,7,8,20," 1,167.25", 919.50, 583.50
95,8/8/2020,"10,971.88", Saturday,8,8,20, 257.00, 293.50, 531.50
96,8/9/2020,"5,441.39", Sunday,9,8,20," 1,527.75", 195.50, 863.00
97,8/10/2020,"3,219.22", Monday,10,8,20," 1,060.75", 533.00, 852.00
98,8/11/2020,"5,583.91", Tuesday,11,8,20," 1,617.50", 588.50," 1,526.50"
99,8/12/2020,"4,950.28", Wednesday,12,8,20," 1,838.00", 939.00," 1,211.60"
100,8/13/2020,"7,497.01", Thursday,13,8,20," 2,343.50"," 1,261.75"," 1,290.00"
101,8/14/2020,"8,325.70", Friday,14,8,20," 1,130.00", 867.25, 436.65
102,8/15/2020,"9,683.65", Saturday,15,8,20, 641.00, 535.00, 266.50
103,8/16/2020,"4,627.37", Sunday,16,8,20," 1,357.00", 691.00, 819.50
104,8/17/2020,"3,008.76", Monday,17,8,20, 366.50, 579.75, 79.00
105,8/18/2020,"6,211.46", Tuesday,18,8,20, 795.75, 538.00, 871.50
106,8/19/2020,"2,510.81", Wednesday,19,8,20," 1,449.35"," 1,064.50"," 1,005.50"
107,8/20/2020,"4,760.10", Thursday,20,8,20," 1,603.25"," 1,019.75", 996.00
108,8/21/2020,"7,932.08", Friday,21,8,20, 696.25," 1,107.50", 582.50
109,8/22/2020,"7,470.09", Saturday,22,8,20, 647.00, 401.25, 686.00
110,8/23/2020,"5,138.83", Sunday,23,8,20, 891.00, 414.50, 677.00
111,8/24/2020,"3,494.47", Monday,24,8,20, 645.25, 328.50, 673.25
112,8/25/2020,"4,493.43", Tuesday,25,8,20, 566.50, 481.50, 874.50
113,8/26/2020,"3,260.96", Wednesday,26,8,20," 1,810.00"," 1,215.50"," 1,626.35"
114,8/27/2020,"3,930.81", Thursday,27,8,20," 1,949.50"," 1,583.00"," 1,983.50"
115,8/28/2020,"8,972.05", Friday,28,8,20, 593.50, 684.40, 425.50
116,8/29/2020,"10,596.21", Saturday,29,8,20, 667.75, 53.00, 395.00
117,8/30/2020,"3,374.10", Sunday,30,8,20, 684.25, 526.00," 1,269.50"
118,8/31/2020,"1,473.83", Monday,31,8,20, 262.50, 636.50, 427.50
119,9/1/2020,"4,308.56", Tuesday,1,9,20, 800.32, 499.50, 539.25
120,9/2/2020,"3,260.12", Wednesday,2,9,20," 1,218.25"," 1,618.00", 919.50
121,9/3/2020,"3,922.00", Thursday,3,9,20," 1,033.00"," 1,298.50"," 1,019.25"
122,9/4/2020,"7,281.50", Friday,4,9,20, 869.00, 730.00, 611.50
123,9/5/2020,"8,003.06", Saturday,5,9,20, 286.00, 717.50, 199.62
124,9/6/2020,"4,811.89", Sunday,6,9,20, 944.50, 356.00, 912.50
125,9/7/2020,"3,310.56", Monday,7,9,20, 424.50, 510.25, 475.50
126,9/8/2020,"3,820.82", Tuesday,8,9,20, 925.00, 463.50, 983.00
127,9/9/2020,"1,805.66", Wednesday,9,9,20," 1,752.00", 855.00," 1,467.50"
128,9/10/2020,"5,275.46", Thursday,10,9,20," 3,914.00", 0.00," 2,066.75"
129,9/11/2020,"9,699.81", Friday,11,9,20, 459.00, 562.25, 199.50
130,9/12/2020,"15,595.87", Saturday,12,9,20, 120.50, 353.25, 127.25
131,9/13/2020,"3,320.57", Sunday,13,9,20," 1,150.00", 365.00, 815.50
132,9/14/2020,"1,937.83", Monday,14,9,20, 608.37, 570.50, 584.50
133,9/15/2020,"5,119.91", Tuesday,15,9,20, 836.25, 596.00, 780.50
134,9/16/2020,"3,919.66", Wednesday,16,9,20," 1,700.00"," 1,051.50"," 1,198.62"
135,9/17/2020,"4,926.66", Thursday,17,9,20," 1,753.25"," 1,270.00"," 1,746.00"
136,9/18/2020,"9,635.36", Friday,18,9,20, 278.75, 894.25, 180.00
137,9/19/2020,"13,377.69", Saturday,19,9,20, 142.00, 525.50, 165.25
138,9/20/2020,"3,843.93", Sunday,20,9,20, 924.49, 520.50, 822.50
139,9/21/2020,"2,232.71", Monday,21,9,20, 203.75, 503.00, 283.62
140,9/22/2020,"4,362.19", Tuesday,22,9,20," 1,375.25", 500.00, 743.00
141,9/23/2020,"2,674.18", Wednesday,23,9,20," 4,005.25", 993.00," 1,955.01"
142,9/24/2020,"8,506.59", Thursday,24,9,20," 3,952.90", 130.00," 3,179.50"
143,9/25/2020,"16,319.03", Friday,25,9,20, 791.00, 989.75, 919.00
144,9/26/2020,"18,481.23", Saturday,26,9,20, 251.50, 485.50, 94.00
145,9/27/2020,"4,191.46", Sunday,27,9,20," 1,004.50", 578.50, 652.50
146,9/28/2020,"1,743.50", Monday,28,9,20, 275.50, 339.00, 520.60
147,9/29/2020,"4,687.28", Tuesday,29,9,20," 1,445.50", 632.00, 951.50
148,9/30/2020,"3,267.06", Wednesday,30,9,20," 2,993.50", 991.50," 2,639.75"
149,10/1/2020,"6,439.47", Thursday,1,10,20," 4,082.50", 943.50," 2,731.00"
150,10/2/2020,"14,053.29", Friday,2,10,20, 982.00, 597.50, 671.50
151,10/3/2020,"20,591.80", Saturday,3,10,20, 503.50, 204.50, 574.75
152,10/4/2020,"5,489.20", Sunday,4,10,20, 786.50, 241.00, 809.00
153,10/5/2020,"2,361.25", Monday,5,10,20, 387.12, 154.50, 779.50
154,10/6/2020,"4,315.43", Tuesday,6,10,20, 267.00, 383.00, 397.50
155,10/7/2020,"2,722.74", Wednesday,7,10,20," 1,207.50", 893.50, 625.50
156,10/8/2020,"3,307.49", Thursday,8,10,20, 814.25, 410.00," 1,027.50"
157,10/9/2020,"6,461.58", Friday,9,10,20, 303.50, 800.50, 313.50
158,10/10/2020,"5,718.13", Saturday,10,10,20, 623.62, 431.75, 438.00
159,10/11/2020,"3,516.86", Sunday,11,10,20, 901.77, 281.50, 635.36
160,10/12/2020,"3,511.97", Monday,12,10,20, 137.50, 417.75, 527.25
161,10/13/2020,"4,745.29", Tuesday,13,10,20, 431.50, 651.25," 1,099.25"
162,10/14/2020,"2,523.50", Wednesday,14,10,20," 1,528.50"," 1,636.22"," 1,185.05"
163,10/15/2020,"4,510.31", Thursday,15,10,20," 2,359.25", 890.00," 2,130.25"
164,10/16/2020,"9,805.13", Friday,16,10,20, 726.00," 1,068.50", 850.00
165,10/17/2020,"11,971.25", Saturday,17,10,20, 397.50, 385.50, 674.50
166,10/18/2020,"3,440.48", Sunday,18,10,20," 1,079.94", 832.50, 838.85
167,10/19/2020,"2,717.83", Monday,19,10,20, 208.50, 446.00, 387.00
168,10/20/2020,"5,452.58", Tuesday,20,10,20," 1,094.25", 788.75," 1,022.00"
169,10/21/2020,"2,803.28", Wednesday,21,10,20," 1,990.75", 826.50," 1,464.50"
170,10/22/2020,"5,719.32", Thursday,22,10,20," 1,470.00", 998.00," 1,398.25"
171,10/23/2020,"5,584.53", Friday,23,10,20, 606.00, 925.50, 763.50
172,10/24/2020,"7,458.47", Saturday,24,10,20, 319.25, 469.50, 414.25
173,10/25/2020,"2,893.97", Sunday,25,10,20, 640.75, 603.00, 657.50
174,10/26/2020,"1,552.97", Monday,26,10,20," 1,357.81", 810.75, 916.57
175,11/2/2020,"3,593.10", Monday,2,11,20, 391.37, 436.50, 462.00
176,11/3/2020,"5,971.62", Tuesday,3,11,20, 880.00, 441.50, 966.50
177,11/4/2020,"2,412.38", Wednesday,4,11,20," 2,332.50", 723.50," 1,829.50"
178,11/5/2020,"5,560.98", Thursday,5,11,20," 4,575.75", 165.00," 2,981.00"
179,11/6/2020,"11,275.49", Friday,6,11,20, 596.50, 825.25, 781.75
180,11/7/2020,"19,262.51", Saturday,7,11,20, 218.50, 353.25, 178.50
181,11/8/2020,"4,757.60", Sunday,8,11,20," 1,118.32", 374.25, 721.34
182,11/9/2020,"1,877.14", Monday,9,11,20, 577.75, 195.50, 735.50
183,11/10/2020,"4,575.06", Tuesday,10,11,20," 1,360.50", 452.00," 1,029.50"
184,11/11/2020,"3,077.29", Wednesday,11,11,20," 1,882.25"," 1,046.00"," 1,443.75"
185,11/12/2020,"6,879.10", Thursday,12,11,20," 1,362.75", 465.00," 1,451.50"
186,11/13/2020,"8,266.16", Friday,13,11,20, 458.75, 503.00, 413.00
187,11/14/2020,"4,966.08", Saturday,14,11,20, 339.25, 446.50, 479.50
188,11/15/2020,"3,505.64", Sunday,15,11,20, 941.84, 467.50," 1,312.78"
189,11/16/2020,"2,273.35", Monday,16,11,20, 695.25, 453.00, 835.00
190,11/17/2020,"6,231.69", Tuesday,17,11,20, 526.75, 522.50, 538.75
191,11/18/2020,"2,706.46", Wednesday,18,11,20," 1,867.75"," 1,612.75"," 1,873.00"
192,11/19/2020,"3,292.98", Thursday,19,11,20," 3,262.51", 188.00," 2,653.00"
193,11/20/2020,"10,617.62", Friday,20,11,20, 867.02, 912.00," 1,422.00"
194,11/21/2020,"13,863.84", Saturday,21,11,20, 986.00, 624.50, 919.00
195,11/22/2020,"4,331.28", Sunday,22,11,20, 762.34, 379.50, 838.20
196,11/23/2020,"3,405.75", Monday,23,11,20, 98.50, 676.50, 526.00
197,11/24/2020,"2,665.21", Tuesday,24,11,20, 465.25, 731.00, 407.00
198,11/25/2020,"1,739.77", Wednesday,25,11,20, 698.50, 845.50, 282.00
199,11/27/2020,"2,341.31", Friday,27,11,20, 433.50, 707.00, 644.16
200,11/28/2020,"2,378.71", Saturday,28,11,20, 223.00, 275.00, 353.00
201,11/29/2020,"2,209.27", Sunday,29,11,20," 1,006.83", 379.50, 825.47
202,11/30/2020,"1,129.74", Monday,30,11,20, 473.50, 417.25, 734.75
203,12/1/2020,"3,360.86", Tuesday,1,12,20, 894.00, 504.50, 905.50
204,12/2/2020,"2,116.58", Wednesday,2,12,20," 1,832.60", 940.25," 1,825.50"
205,12/3/2020,"3,086.87", Thursday,3,12,20," 2,952.25", 37.00," 2,692.00"
206,12/4/2020,"7,675.41", Friday,4,12,20, 492.00, 988.25, 543.50
207,12/5/2020,"12,899.43", Saturday,5,12,20, 649.00, 488.50, 653.50
208,12/6/2020,"2,967.84", Sunday,6,12,20, 828.88, 664.50, 727.00
209,12/7/2020,"3,179.00", Monday,7,12,20, 520.00, 479.87, 766.00
210,12/8/2020,"3,979.26", Tuesday,8,12,20, 664.50, 635.00, 678.50
211,12/9/2020,"3,031.58", Wednesday,9,12,20," 2,332.50"," 1,138.25"," 1,307.50"
212,12/10/2020,"6,329.48", Thursday,10,12,20," 1,670.00", 848.50," 1,318.90"
213,12/11/2020,"9,430.99", Friday,11,12,20, 633.50, 864.00, 426.50
214,12/12/2020,"5,023.13", Saturday,12,12,20, 550.50, 316.50, 396.25
215,12/13/2020,"2,363.47", Sunday,13,12,20, 974.01, 662.25," 1,115.26"
216,12/14/2020,"1,587.70", Monday,14,12,20, 914.00, 575.00, 923.25
217,12/15/2020,"3,687.01", Tuesday,15,12,20, 832.28, 329.50, 916.00
218,12/16/2020,"3,133.62", Wednesday,16,12,20," 1,685.70"," 1,168.50"," 1,046.75"
219,12/17/2020,"3,198.73", Thursday,17,12,20," 1,057.00", 742.75," 1,672.25"
220,12/18/2020,"5,341.88", Friday,18,12,20, 510.50, 923.00, 234.51
221,12/19/2020,"4,506.37", Saturday,19,12,20, 171.25, 394.00, 294.00
222,12/20/2020,"2,504.54", Sunday,20,12,20, 822.74, 434.25, 771.83
223,12/21/2020,"1,088.01", Monday,21,12,20, 486.00, 438.25, 545.50
224,12/22/2020,"2,743.52", Tuesday,22,12,20, 754.25, 607.25, 776.75
225,12/23/2020,"1,829.49", Wednesday,23,12,20, 396.75, 737.75, 247.00
226,12/26/2020,"3,841.14", Saturday,26,12,20, 480.50, 392.00, 343.25
227,12/27/2020,"2,384.08", Sunday,27,12,20, 812.81, 308.00, 945.80
228,12/28/2020,"1,460.03", Monday,28,12,20, 579.00, 541.50, 349.50
229,12/29/2020,"2,764.03", Tuesday,29,12,20," 1,465.37", 744.50," 1,123.62"
230,12/30/2020,"4,885.94", Wednesday,30,12,20, 389.50, 805.50, 815.50
231,12/31/2020,"4,295.20", Thursday,31,12,20, 860.00, 650.87, 592.50
232,1/1/2021,"2,494.96", Friday,1,1,21, 605.00, 552.75, 126.50
233,1/2/2021,"2,645.18", Saturday,2,1,21, 232.75, 190.00, 247.17
234,1/3/2021,"1,574.39", Sunday,3,1,21, 383.94, 471.00, 909.71
235,1/4/2021,"1,038.62", Monday,4,1,21, 287.75, 277.00, 289.00
236,1/5/2021,"2,443.25", Tuesday,5,1,21, 677.75, 612.00, 357.00
237,1/6/2021,"1,046.37", Wednesday,6,1,21, 995.51," 1,229.25", 900.25
238,1/7/2021,"2,094.53", Thursday,7,1,21," 1,394.00", 736.00, 786.00
239,1/8/2021,"3,964.62", Friday,8,1,21, 781.75, 816.25," 1,031.00"
240,1/9/2021,"3,707.39", Saturday,9,1,21, 709.75, 272.50, 448.00
241,1/10/2021,"3,267.94", Sunday,10,1,21, 758.13, 268.50, 750.83
242,1/11/2021,"1,910.26", Monday,11,1,21,"ivery

 Total

 934.75", 191.00, 257.50
243,1/12/2021,"2,638.58", Tuesday,12,1,21,"ivery

 Total

 977.75", 439.00, 715.00
244,1/13/2021,"1,855.97", Wednesday,13,1,21,"ivery

 Total

 1,017.00", 834.00, 879.75
245,1/14/2021,"2,756.29", Thursday,14,1,21,"ivery

 Total

 2,003.75", 741.25," 1,509.75"
246,1/15/2021,"3,944.86", Friday,15,1,21,"ivery

 Total

 1,472.00", 877.75," 1,064.25"
247,1/16/2021,"6,019.84", Saturday,16,1,21,"Change Grand Ttl
Grand Total
Training Total

0
3

0.00",-12.00,-1.05
248,1/17/2021,"4,575.49", Sunday,17,1,21," 1,204.57", 478.25, 974.21
249,1/24/2021,0.00, Sunday,24,1,21,"ivery

 Total

 131.50", 416.00, 384.75
250,1/26/2021,0.00, Tuesday,26,1,21," 1,001.25", 702.50," 1,064.75"
251,1/28/2021,954.55, Thursday,28,1,21," 1,990.75", 722.00," 1,924.50"
252,2/3/2021,0.00, Wednesday,3,2,21," 1,743.00", 785.50," 1,450.00"
253,2/5/2021,0.00, Friday,5,2,21, 723.87, 312.50,
254,2/9/2021,"3,576.45", Tuesday,9,2,21," 1,355.00", 154.50," 1,141.00"
255,2/10/2021,"1,143.53", Wednesday,10,2,21," 2,217.50", 641.25," 1,530.88"
256,2/11/2021,"3,615.19", Thursday,11,2,21," 3,133.00", 917.25," 1,615.75"
257,2/12/2021,"6,137.51", Friday,12,2,21, 958.54, 292.50," 1,042.25"
258,2/13/2021,"5,188.60", Saturday,13,2,21, 416.75, 617.75, 586.50
259,2/16/2021,"1,345.27", Tuesday,16,2,21," 1,766.00", 728.00," 1,190.00"
260,2/18/2021,"3,496.29", Thursday,18,2,21," 2,638.50"," 1,074.25"," 1,443.25"
261,2/19/2021,"5,854.86", Friday,19,2,21," 3,244.75", 816.00," 1,898.50"
262,2/20/2021,"7,517.34", Saturday,20,2,21," 1,163.81", 305.00, 780.35
263,2/23/2021,"3,156.50", Tuesday,23,2,21," 1,165.50", 323.50, 458.65
264,2/24/2021,"2,095.57", Wednesday,24,2,21," 1,309.50", 578.50, 924.00
265,2/25/2021,"4,791.98", Thursday,25,2,21," 2,368.47", 750.50," 1,813.92"
266,2/26/2021,"6,707.30", Friday,26,2,21," 2,384.50", 719.50," 2,130.61"
267,2/27/2021,"8,001.91", Saturday,27,2,21," 1,193.24", 441.75, 894.91
268,3/1/2021,0.00, Monday,1,3,21,"ivery

 Total

 1,378.20", 809.50, 762.75
269,3/2/2021,"4,758.10", Tuesday,2,3,21," 1,392.50", 591.75," 1,128.75"
270,3/3/2021,"4,351.81", Wednesday,3,3,21," 2,257.75", 959.25," 2,038.25"
271,3/4/2021,"5,350.71", Thursday,4,3,21,"ivery

 Total

 2,081.25", 975.50," 1,628.50"
272,3/5/2021,"8,607.85", Friday,5,3,21," 1,179.90", 585.00," 1,084.38"
273,3/6/2021,"10,689.72", Saturday,6,3,21," 1,760.50", 371.00, 860.75
274,3/8/2021,0.00, Monday,8,3,21," 2,109.25", 743.00," 1,226.50"
275,3/9/2021,"4,830.32", Tuesday,9,3,21," 1,973.25"," 1,164.50"," 1,269.49"
276,3/10/2021,"5,276.38", Wednesday,10,3,21,"ivery

 Total

 2,439.50", 710.00," 2,106.50"
277,3/11/2021,"4,718.43", Thursday,11,3,21," 1,445.46", 527.00, 855.37
278,3/12/2021,"6,901.86", Friday,12,3,21, 994.25, 633.25, 917.50
279,3/13/2021,"8,728.13", Saturday,13,3,21," 1,432.00", 629.50, 785.25
280,3/15/2021,0.00, Monday,15,3,21," 2,606.50", 871.00," 1,481.00"
281,3/16/2021,"5,724.54", Tuesday,16,3,21," 2,425.25"," 1,212.25"," 1,744.00"
282,3/17/2021,"3,915.10", Wednesday,17,3,21,0.00,, 0.00
283,3/18/2021,"5,423.96", Thursday,18,3,21," 1,446.38", 303.47, 998.23
284,3/19/2021,"8,760.75", Friday,19,3,21, 656.25, 342.00, 761.75
285,3/20/2021,"10,155.96", Saturday,20,3,21," 1,514.50", 437.00," 1,020.00"
286,3/22/2021,0.00, Monday,22,3,21," 4,225.76", 761.50," 1,056.00"
287,3/23/2021,"5,538.14", Tuesday,23,3,21," 1,514.00", 785.50, 643.50
288,3/24/2021,"3,352.33", Wednesday,24,3,21," 1,434.87", 670.00," 1,169.78"
289,3/25/2021,"5,451.07", Thursday,25,3,21, 744.25, 469.50, 714.00
290,3/26/2021,"10,973.21", Friday,26,3,21," 1,424.25", 259.00, 998.75
291,3/27/2021,"12,303.56", Saturday,27,3,21," 2,595.75"," 1,562.50"," 2,263.25"
292,3/29/2021,0.00, Monday,29,3,21," 2,942.50"," 2,201.75"," 2,236.00"
293,3/30/2021,"6,226.03", Tuesday,30,3,21,"ivery

 Total

 1,342.71", 633.00," 1,186.80"
294,3/31/2021,"3,666.56", Wednesday,31,3,21," 1,482.25", 705.75, 860.00
295,4/1/2021,"6,912.70", Thursday,1,4,21," 1,877.99", 626.00," 1,272.75"
296,4/2/2021,"10,537.09", Friday,2,4,21," 6,180.75"," 2,038.75"," 3,391.50"
297,4/3/2021,"6,820.47", Saturday,3,4,21," 5,249.75"," 1,055.85"," 3,441.00"
298,4/6/2021,"6,430.81", Tuesday,6,4,21," 1,910.09", 357.25," 1,372.12"
299,4/7/2021,"3,512.54", Wednesday,7,4,21," 1,221.25", 553.50, 862.00
300,4/8/2021,"6,294.73", Thursday,8,4,21," 2,096.75", 502.00," 1,015.00"
301,4/9/2021,"10,550.42", Friday,9,4,21," 3,101.65"," 1,195.00"," 2,142.75"
302,4/10/2021,"15,096.72", Saturday,10,4,21," 3,605.00", 882.25," 2,834.00"
303,4/13/2021,"4,959.63", Tuesday,13,4,21," 1,290.35", 479.50," 1,373.07"
304,4/14/2021,"4,026.90", Wednesday,14,4,21," 1,329.00", 586.25, 942.00
305,4/15/2021,"5,088.29", Thursday,15,4,21," 1,323.25", 519.00," 1,239.50"
306,4/16/2021,"17,619.42", Friday,16,4,21," 2,775.75", 832.25," 1,599.75"
307,4/17/2021,"24,045.50", Saturday,17,4,21," 2,627.51", 979.00," 1,580.25"
308,4/20/2021,"9,033.90", Tuesday,20,4,21," 2,198.17", 383.75, 949.25
309,4/21/2021,"5,038.47", Wednesday,21,4,21," 1,681.75", 547.25," 1,168.75"
310,4/22/2021,"4,181.75", Thursday,22,4,21,"ivery

 Total

 1,454.25", 415.50," 1,591.00"
311,4/23/2021,"8,421.39", Friday,23,4,21,"ivery

 Total

 2,011.95", 720.50," 1,487.00"
312,4/24/2021,"16,046.13", Saturday,24,4,21," 6,656.45", 784.50," 1,829.75"
313,4/27/2021,"4,471.35", Tuesday,27,4,21," 1,683.02", 358.50," 1,311.24"
314,4/28/2021,"3,815.49", Wednesday,28,4,21," 1,528.00", 394.50," 1,298.50"
315,4/29/2021,"7,279.94", Thursday,29,4,21," 2,261.00", 600.00," 1,426.55"
316,4/30/2021,"12,824.95", Friday,30,4,21," 2,681.75", 732.00," 2,942.00"
317,5/1/2021,"11,907.86", Saturday,1,5,21,"ivery

 Total

 4,098.20"," 1,544.00"," 3,251.00"
318,5/4/2021,"5,452.61", Tuesday,4,5,21," 3,681.00", 9.00, 555.50
319,5/5/2021,"6,534.22", Wednesday,5,5,21," 1,366.96", 389.00," 1,612.70"
320,5/6/2021,"9,321.25", Thursday,6,5,21, 546.75, 348.75, 699.50
321,5/7/2021,"10,823.56", Friday,7,5,21, 714.25, 396.25, 694.75
322,5/8/2021,"15,177.39", Saturday,8,5,21," 1,726.50", 751.25," 2,561.00"
323,5/11/2021,"5,381.79", Tuesday,11,5,21," 1,852.25", 378.50," 1,609.75"
324,5/12/2021,"6,468.53", Wednesday,12,5,21, 515.36, 341.00, 534.86
325,5/13/2021,"9,282.98", Thursday,13,5,21, 853.00, 348.00, 437.00
326,5/14/2021,"15,689.36", Friday,14,5,21, 495.00, 206.50, 282.74
327,5/15/2021,"22,818.71", Saturday,15,5,21," 1,702.50", 338.00," 1,545.40"
328,5/16/2021,"5,992.10", Sunday,16,5,21," 1,372.50", 125.00, 726.00
329,5/18/2021,"6,421.24", Tuesday,18,5,21, 946.31, 493.50, 931.84
330,5/19/2021,"3,652.36", Wednesday,19,5,21, 464.75, 410.87, 545.24
331,5/20/2021,"5,276.86", Thursday,20,5,21, 648.50, 318.25, 842.12
332,5/21/2021,"8,031.82", Friday,21,5,21," 1,059.25", 962.00," 1,183.00"
333,5/22/2021,"8,007.90", Saturday,22,5,21, 975.00, 572.75," 1,403.25"
334,5/25/2021,"3,385.11", Tuesday,25,5,21, 784.27, 514.25, 703.39
335,5/26/2021,"4,132.35", Wednesday,26,5,21, 639.00, 445.25, 190.00
336,5/27/2021,"2,215.26", Thursday,27,5,21, 598.50, 291.50, 613.75
337,5/28/2021,"10,857.90", Friday,28,5,21," 1,043.87", 557.25, 950.37
338,5/29/2021,"8,496.20", Saturday,29,5,21," 1,198.80", 905.00," 1,686.50"
339,6/1/2021,"4,986.74", Tuesday,1,6,21, 851.81, 264.12, 945.82
340,6/2/2021,"3,520.51", Wednesday,2,6,21, 671.74, 589.50," 1,034.75"
341,6/3/2021,"5,850.75", Thursday,3,6,21, 423.75, 244.00, 110.00
342,6/4/2021,"9,308.87", Friday,4,6,21," 1,218.00", 447.50," 1,421.75"
343,6/5/2021,"7,470.85", Saturday,5,6,21," 2,162.50"," 1,079.75"," 2,282.00"
344,6/8/2021,"4,804.77", Tuesday,8,6,21, 941.73, 399.50, 809.91
345,6/9/2021,"2,817.84", Wednesday,9,6,21, 601.25, 321.50, 704.75
346,6/10/2021,"4,718.56", Thursday,10,6,21, 615.10, 257.00, 604.50
347,6/11/2021,"7,302.87", Friday,11,6,21," 1,902.87", 626.25," 1,497.50"
348,6/12/2021,"8,231.68", Saturday,12,6,21," 2,747.46", 572.25," 1,967.00"
349,6/14/2021,0.00, Monday,14,6,21," 1,703.47", 218.75, 992.38
350,6/15/2021,"4,456.15", Tuesday,15,6,21," 1,341.24", 501.50, 42.50
351,6/16/2021,"4,836.12", Wednesday,16,6,21, 876.25, 189.75, 687.25
352,6/17/2021,"3,678.02", Thursday,17,6,21," 1,695.00", 619.75, 547.50
353,6/18/2021,"6,714.72", Friday,18,6,21, 386.50, 536.25, 372.75
354,6/19/2021,"14,917.29", Saturday,19,6,21, 983.36, 345.50, 734.40
355,6/21/2021,196.21, Monday,21,6,21, 464.48, 356.50, 346.50
356,6/22/2021,"5,363.52", Tuesday,22,6,21, 578.25, 311.50, 337.50
357,6/23/2021,"3,709.09", Wednesday,23,6,21," 2,231.25", 544.00, 823.75
358,6/24/2021,"4,399.42", Thursday,24,6,21," 1,420.50", 692.50, 758.75
359,6/25/2021,"8,521.07", Friday,25,6,21," 1,145.13", 256.25," 1,087.11"
360,6/26/2021,"7,772.63", Saturday,26,6,21, 583.49, 558.75, 782.20
361,6/27/2021,0.00, Sunday,27,6,21, 597.00, 497.50, 743.75
362,6/29/2021,"3,886.14", Tuesday,29,6,21," 1,896.05", 489.75," 1,516.50"
363,6/30/2021,"4,732.05", Wednesday,30,6,21," 2,040.25", 939.75," 1,903.00"
364,7/1/2021,"3,079.04", Thursday,1,7,21," 1,175.85", 203.75, 717.87
365,7/2/2021,"6,042.26", Friday,2,7,21, 578.50, 351.25, 341.00
366,7/3/2021,"5,192.03", Saturday,3,7,21, 782.25, 186.50, 357.00
367,7/5/2021,0.00, Monday,5,7,21," 2,301.50"," 1,013.25"," 1,551.75"
368,7/6/2021,"4,736.57", Tuesday,6,7,21," 1,851.00", 491.25," 1,418.50"
369,7/7/2021,"2,608.25", Wednesday,7,7,21, 569.40, 335.50, 637.31
370,7/8/2021,"3,801.23", Thursday,8,7,21, 550.25, 396.50, 314.50
371,7/9/2021,"8,198.98", Friday,9,7,21, 424.00, 281.00, 244.00
372,7/10/2021,"8,382.45", Saturday,10,7,21, 954.00, 580.00, 416.25
373,7/11/2021,0.00, Sunday,11,7,21, 830.50, 676.50, 881.00
374,7/13/2021,"5,371.20", Tuesday,13,7,21, 571.10, 362.75, 537.90
375,7/14/2021,"4,616.06", Wednesday,14,7,21," 1,070.00", 422.25," 1,003.48"
376,7/15/2021,"4,724.47", Thursday,15,7,21, 655.12, 393.00, 966.75
377,7/16/2021,"9,094.29", Friday,16,7,21," 1,900.05", 562.25," 1,307.00"
378,7/17/2021,"7,241.87", Saturday,17,7,21," 2,211.75", 880.00," 1,490.50"
379,7/20/2021,"4,436.89", Tuesday,20,7,21," 1,206.24", 616.00, 991.61
380,7/21/2021,"3,669.95", Wednesday,21,7,21," 1,808.99", 324.50," 1,601.72"
381,7/22/2021,"4,685.56", Thursday,22,7,21, 985.75, 205.75," 1,576.00"
382,7/23/2021,"10,494.34", Friday,23,7,21," 1,949.85", 550.25," 1,929.24"
383,7/24/2021,"8,960.29", Saturday,24,7,21," 1,899.75", 950.50," 1,848.50"
384,7/27/2021,"3,354.25", Tuesday,27,7,21," 1,199.87", 348.25, 763.27
385,7/28/2021,"2,634.40", Wednesday,28,7,21," 1,004.50", 574.00, 914.50
386,7/29/2021,"3,054.57", Thursday,29,7,21, 349.50, 361.50, 477.75
387,7/30/2021,"5,578.65", Friday,30,7,21," 1,636.00", 626.37, 896.00
388,7/31/2021,"5,440.90", Saturday,31,7,21," 2,061.00", 696.00," 1,925.25"
389,8/3/2021,"3,911.96", Tuesday,3,8,21,,0,0
390,8/4/2021,"5,085.64", Wednesday,4,8,21," 1,470.71", 295.50," 1,221.67"
391,8/5/2021,"5,446.91", Thursday,5,8,21, 610.50, 340.50, 477.50
392,8/6/2021,"8,353.50", Friday,6,8,21, 594.00, 234.75, 446.50
393,8/7/2021,"9,523.43", Saturday,7,8,21," 2,657.25", 571.00," 1,147.00"
394,8/10/2021,"5,867.82", Tuesday,10,8,21," 2,525.75", 695.50," 1,271.75"
395,8/11/2021,"7,608.90", Wednesday,11,8,21," 1,159.54", 258.50," 1,018.25"
396,8/12/2021,"7,703.34", Thursday,12,8,21, 859.50, 434.50, 864.95
397,8/13/2021,"7,955.66", Friday,13,8,21," 1,247.45", 138.00, 855.75
398,8/14/2021,"9,790.04", Saturday,14,8,21," 2,264.50", 256.00," 1,486.50"
399,8/15/2021,0.00, Sunday,15,8,21," 3,000.12", 31.00," 2,270.75"
400,8/17/2021,"4,231.08", Tuesday,17,8,21, 740.77, 185.00, 555.96
401,8/18/2021,"5,005.80", Wednesday,18,8,21," 1,040.75", 219.00, 504.50
402,8/19/2021,"4,418.81", Thursday,19,8,21, 483.25, 158.75, 498.00
403,8/20/2021,"6,974.76", Friday,20,8,21," 1,988.50", 299.50," 1,810.50"
404,8/21/2021,"8,787.43", Saturday,21,8,21," 4,739.50", 100.00," 2,419.17"
405,8/22/2021,"3,689.84", Sunday,22,8,21, 984.30, 257.00, 906.31
406,8/23/2021,0.00, Monday,23,8,21, 515.00, 65.00," 1,051.00"
407,8/24/2021,"6,551.15", Tuesday,24,8,21," 1,383.25", 257.50, 725.00
408,8/25/2021,"2,798.10", Wednesday,25,8,21," 4,344.50", 142.50," 2,687.75"
409,8/26/2021,"3,175.43", Thursday,26,8,21," 8,565.50", 252.00," 4,229.00"
410,8/27/2021,"9,738.38", Friday,27,8,21," 1,106.57", 171.50, 529.92
411,8/28/2021,"10,045.58", Saturday,28,8,21, 429.75, 407.50, 316.50
412,8/31/2021,"5,433.75", Tuesday,31,8,21," 1,518.50", 293.50," 1,093.50"
413,9/1/2021,"4,275.76", Wednesday,1,9,21," 7,501.25", 705.00," 2,865.25"
414,9/2/2021,"5,762.76", Thursday,2,9,21," 7,851.25", 381.00," 5,282.00"
415,9/3/2021,"9,734.92", Friday,3,9,21," 1,178.73", 528.75, 509.89
416,9/4/2021,"12,898.76", Saturday,4,9,21," 1,229.25", 298.50, 995.32
417,9/7/2021,"3,559.06", Tuesday,7,9,21," 1,273.50", 228.00, 795.50
418,9/8/2021,"4,030.55", Wednesday,8,9,21," 1,919.50", 542.25," 1,506.00"
419,9/9/2021,"4,977.40", Thursday,9,9,21,"ivery

 Total

 1,327.50", 630.00," 1,223.50"
420,9/10/2021,"10,381.22", Friday,10,9,21," 1,442.83", 482.50, 391.99
421,9/11/2021,"19,960.96", Saturday,11,9,21, 486.10, 596.50, 476.75
422,9/14/2021,"4,902.16", Tuesday,14,9,21, 377.25, 124.37, 892.00
423,9/15/2021,"3,665.75", Wednesday,15,9,21, 672.00, 632.25, 211.50
424,9/16/2021,"6,437.40", Thursday,16,9,21," 1,155.00", 512.75," 2,103.50"
425,9/17/2021,"19,392.90", Friday,17,9,21," 1,335.02", 314.75, 855.28
426,9/18/2021,"31,994.18", Saturday,18,9,21," 1,667.00", 319.00," 1,205.50"
427,9/21/2021,"4,625.09", Tuesday,21,9,21," 1,221.25", 61.50," 1,040.25"
428,9/22/2021,"3,338.79", Wednesday,22,9,21," 3,737.25", 799.00," 2,998.25"
429,9/23/2021,"8,111.88", Thursday,23,9,21," 6,465.50", 130.00," 13,024.50"
430,9/24/2021,"26,241.48", Friday,24,9,21," 1,537.68", 190.37, 808.52
431,9/25/2021,"37,810.21", Saturday,25,9,21," 1,850.00", 357.50, 318.50
432,9/26/2021,22.01, Sunday,26,9,21," 1,018.00", 323.00, 791.00
433,9/28/2021,"4,787.37", Tuesday,28,9,21," 2,251.25", 664.50," 1,197.00"
434,9/29/2021,"5,090.85", Wednesday,29,9,21," 1,622.50", 934.00," 1,068.75"
435,9/30/2021,"4,119.62", Thursday,30,9,21, 658.32, 546.96, 686.66
436,10/1/2021,"11,843.49", Friday,1,10,21," 1,451.72", 574.50, 672.50
437,10/2/2021,"10,084.79", Saturday,2,10,21," 1,243.00", 392.75," 1,083.00"
438,10/3/2021,0.00, Sunday,3,10,21," 3,870.85"," 1,321.50"," 2,248.25"
439,10/5/2021,"4,694.90", Tuesday,5,10,21," 7,580.50", 222.00," 3,934.00"
440,10/6/2021,"3,655.73", Wednesday,6,10,21," 1,776.20", 406.50," 1,154.92"
441,10/7/2021,"2,379.52", Thursday,7,10,21,"ivery

 Total

 1,190.50", 815.75, 997.42
442,10/8/2021,"4,210.56", Friday,8,10,21," 1,810.50", 258.50," 1,640.00"
443,10/9/2021,"5,915.17", Saturday,9,10,21," 2,243.00", 787.00," 1,262.50"
444,10/11/2021,0.00, Monday,11,10,21," 2,676.00", 988.00," 1,371.75"
445,10/12/2021,"3,804.38", Tuesday,12,10,21," 1,168.70", 304.50," 1,420.26"
446,10/13/2021,"4,954.96", Wednesday,13,10,21," 1,117.25", 480.00," 1,121.66"
447,10/14/2021,"6,651.81", Thursday,14,10,21," 2,829.12", 128.50, 959.50
448,10/15/2021,"16,630.16", Friday,15,10,21," 3,562.25", 394.50," 2,222.00"
449,10/16/2021,"41,154.67", Saturday,16,10,21," 3,237.00"," 1,566.25"," 2,163.00"
450,10/17/2021,148.54, Sunday,17,10,21," 3,032.80", 0.00,
451,10/18/2021,0.00, Monday,18,10,21," 1,791.95", 377.50, 799.00
452,10/19/2021,"5,476.46", Tuesday,19,10,21," 1,881.00", 249.00," 1,683.75"
453,10/20/2021,"4,856.44", Wednesday,20,10,21,"ivery

 Total

 5,006.25", 816.50," 3,897.50"
454,10/21/2021,"5,793.98", Thursday,21,10,21," 5,015.50", 80.50," 3,647.75"
455,10/22/2021,"8,844.02", Friday,22,10,21," 1,190.56", 523.49, 804.72
456,10/23/2021,"9,140.53", Saturday,23,10,21, 941.50, 460.75, 560.50
457,10/26/2021,"3,665.58", Tuesday,26,10,21," 1,374.50", 199.50, 419.00
458,10/27/2021,"3,621.26", Wednesday,27,10,21," 1,284.75", 333.50, 371.50
459,10/28/2021,"4,036.04", Thursday,28,10,21," 1,211.40", 426.99," 1,185.81"
460,10/29/2021,"15,039.83", Friday,29,10,21," 1,000.00", 571.00, 770.25
461,10/30/2021,"32,708.08", Saturday,30,10,21," 1,121.00", 401.50, 440.50
462,11/2/2021,"4,414.03", Tuesday,2,11,21," 1,998.25", 808.25," 1,336.34"
463,11/3/2021,"3,812.99", Wednesday,3,11,21," 2,920.50", 887.50," 2,415.00"
464,11/4/2021,"6,569.42", Thursday,4,11,21," 1,610.18", 433.50," 1,363.87"
465,11/5/2021,"7,723.44", Friday,5,11,21, 830.25, 549.50, 844.50
466,11/6/2021,"9,389.35", Saturday,6,11,21," 1,782.22", 273.00," 1,233.00"
467,11/8/2021,0.00, Monday,8,11,21," 2,374.00"," 1,100.50"," 1,863.21"
468,11/9/2021,"5,843.68", Tuesday,9,11,21," 3,854.54"," 1,040.25"," 2,007.00"
469,11/10/2021,"3,573.48", Wednesday,10,11,21," 1,045.74", 576.25, 628.43
470,11/11/2021,"7,921.50", Thursday,11,11,21," 1,548.00", 487.00, 789.72
471,11/12/2021,"9,766.62", Friday,12,11,21," 1,925.74", 370.25," 1,314.50"
472,11/13/2021,"13,909.25", Saturday,13,11,21," 3,794.17", 707.25," 2,715.50"
473,11/16/2021,"4,190.86", Tuesday,16,11,21," 3,214.00", 554.87," 2,821.42"
474,11/17/2021,"4,025.45", Wednesday,17,11,21," 1,317.15", 305.50, 682.89
475,11/18/2021,"6,474.37", Thursday,18,11,21, 572.50, 588.25, 582.50
476,11/19/2021,"14,975.19", Friday,19,11,21, 671.00, 279.00, 165.50
477,11/20/2021,"25,922.90", Saturday,20,11,21, 919.75, 209.25, 854.50
478,11/23/2021,"3,291.78", Tuesday,23,11,21," 2,126.50", 658.00," 1,453.00"
479,11/24/2021,"2,588.15", Wednesday,24,11,21, 661.92, 388.42, 331.41
480,11/26/2021,"3,482.20", Friday,26,11,21, 903.57, 302.00, 174.75
481,11/27/2021,"3,112.49", Saturday,27,11,21, 390.00, 268.50, 213.75
482,11/28/2021,0.00, Sunday,28,11,21," 1,104.75", 573.25, 382.75
483,11/30/2021,"6,360.51", Tuesday,30,11,21," 1,364.50", 903.25, 981.00
484,12/1/2021,"4,347.74", Wednesday,1,12,21," 1,048.91", 160.62, 802.91
485,12/2/2021,"4,207.75", Thursday,2,12,21, 995.25, 244.50, 316.00
486,12/3/2021,"10,731.87", Friday,3,12,21, 726.50, 238.50, 630.50
487,12/4/2021,"10,279.21", Saturday,4,12,21," 2,318.00", 736.75," 1,097.00"
488,12/7/2021,"4,541.20", Tuesday,7,12,21," 2,799.00", 737.50," 1,388.50"
489,12/8/2021,"2,893.22", Wednesday,8,12,21," 1,664.19", 209.99," 1,357.70"
490,12/9/2021,"6,420.16", Thursday,9,12,21, 785.00, 438.50, 494.23
491,12/10/2021,"8,249.29", Friday,10,12,21," 1,081.48", 195.00," 1,168.00"
492,12/11/2021,"9,701.30", Saturday,11,12,21," 3,662.70", 744.50," 2,207.00"
493,12/13/2021,0.00, Monday,13,12,21," 3,843.75", 614.50," 3,182.25"
494,12/14/2021,"4,335.84", Tuesday,14,12,21," 1,757.41", 383.50," 1,220.84"
495,12/15/2021,"4,045.86", Wednesday,15,12,21," 1,883.50", 285.00, 963.50
496,12/16/2021,"5,642.08", Thursday,16,12,21,"ivery

 Total

 874.00", 248.00, 868.50
497,12/17/2021,"10,768.32", Friday,17,12,21," 3,055.00", 768.50," 1,927.00"
498,12/18/2021,"9,358.26", Saturday,18,12,21," 3,154.25", 604.25," 1,637.50"
499,12/21/2021,"3,270.09", Tuesday,21,12,21, 973.22, 181.50," 1,074.55"
500,12/22/2021,"2,166.52", Wednesday,22,12,21," 2,494.00", 964.00," 1,851.00"
501,12/23/2021,"1,926.69", Thursday,23,12,21," 3,335.68", 570.00," 2,841.75"
502,12/28/2021,0.00, Tuesday,28,12,21," 1,178.05", 523.75," 1,104.84"
503,12/29/2021,0.00, Wednesday,29,12,21," 1,294.00", 420.50, 932.24
504,12/30/2021,"2,536.09", Thursday,30,12,21," 1,380.68", 254.25, 464.00
505,12/31/2021,"5,548.73", Friday,31,12,21," 3,145.25", 936.00," 1,789.50"
506,1/4/2022,"1,762.60", Tuesday,4,1,22," 2,568.16", 776.25," 1,596.25"
507,1/5/2022,"1,712.32", Wednesday,5,1,22," 1,440.30", 300.50," 1,257.53"
508,1/6/2022,"1,530.45", Thursday,6,1,22," 1,823.25", 459.75," 1,866.25"
509,1/7/2022,"2,651.07", Friday,7,1,22," 1,702.50", 212.50," 1,533.50"
510,1/8/2022,"4,616.56", Saturday,8,1,22," 3,232.80", 932.75," 1,533.75"
511,1/10/2022,0.00, Monday,10,1,22," 3,486.50", 742.00," 2,202.50"
512,1/11/2022,"2,730.75", Tuesday,11,1,22," 2,198.16", 230.50," 1,091.54"
513,1/12/2022,"1,962.74", Wednesday,12,1,22, 904.99, 878.50, 715.35
514,1/13/2022,"2,344.81", Thursday,13,1,22," 1,242.50", 216.00," 1,134.00"
515,1/14/2022,"6,443.32", Friday,14,1,22," 3,443.00", 583.75," 2,194.50"
516,1/15/2022,"6,493.34", Saturday,15,1,22," 3,792.56", 760.25," 2,940.75"
517,1/18/2022,"6,465.79", Tuesday,18,1,22," 1,352.23", 448.00," 1,004.28"
518,1/19/2022,"2,179.33", Wednesday,19,1,22, 854.40, 251.25, 840.00
519,1/20/2022,"3,592.47", Thursday,20,1,22," 1,647.50", 174.75," 1,196.50"
520,1/21/2022,"10,538.28", Friday,21,1,22," 3,220.00", 640.25," 2,280.75"
521,1/22/2022,"11,091.57", Saturday,22,1,22," 2,737.00", 580.00," 1,149.50"
522,1/24/2022,0.00, Monday,24,1,22," 1,397.22", 497.00," 1,347.37"
523,1/25/2022,"4,646.74", Tuesday,25,1,22," 1,131.25", 630.50, 875.50
524,1/26/2022,"4,313.84", Wednesday,26,1,22," 1,688.84", 213.50, 944.25
525,1/27/2022,"3,016.34", Thursday,27,1,22," 1,743.05", 686.75," 1,047.50"
526,1/28/2022,"9,074.26", Friday,28,1,22," 2,219.35", 258.75, 980.25
527,1/29/2022,"11,439.11", Saturday,29,1,22, 975.91, 220.75, 590.95
528,2/1/2022,"3,173.65", Tuesday,1,2,22, 614.00, 202.00, 477.50
529,2/4/2022,"7,760.89", Friday,4,2,22, 867.15, 210.00, 403.50
530,2/5/2022,"9,990.40", Saturday,5,2,22," 1,269.00", 443.75, 314.00
531,2/8/2022,"5,439.74", Tuesday,8,2,22," 1,461.00", 736.00, 853.75
532,2/9/2022,"4,048.65", Wednesday,9,2,22," 1,435.56", 386.50, 814.34
533,2/10/2022,"3,344.60", Thursday,10,2,22," 1,196.75", 313.00, 615.50
534,2/11/2022,"10,383.20", Friday,11,2,22," 1,029.00", 272.50," 1,121.50"
535,2/12/2022,"6,834.66", Saturday,12,2,22," 3,255.50"," 1,158.00"," 1,491.99"
536,2/15/2022,"4,050.51", Tuesday,15,2,22," 2,792.50", 755.75," 2,085.75"
537,2/16/2022,"5,593.41", Wednesday,16,2,22," 1,559.61", 279.00," 1,139.58"
538,2/17/2022,"5,540.60", Thursday,17,2,22," 1,341.50", 401.00, 514.75
539,2/18/2022,"7,797.21", Friday,18,2,22," 1,821.50", 150.50," 1,722.75"
540,2/19/2022,"9,613.15", Saturday,19,2,22," 3,548.00", 572.75," 1,836.50"
541,2/20/2022,0.00, Sunday,20,2,22," 2,365.25", 381.00," 1,227.50"
542,2/22/2022,"4,805.13", Tuesday,22,2,22," 1,992.68", 322.50," 1,109.87"
543,2/23/2022,"3,144.67", Wednesday,23,2,22," 1,009.50", 423.75, 867.96
544,2/24/2022,"3,727.98", Thursday,24,2,22," 2,740.80", 63.00," 1,627.43"
545,2/25/2022,"9,603.54", Friday,25,2,22," 4,656.25"," 1,153.25"," 4,398.76"
546,2/26/2022,"11,140.35", Saturday,26,2,22," 5,180.50"," 1,122.50"," 4,582.25"
547,2/27/2022,-4.90, Sunday,27,2,22," 1,666.64", 290.49, 894.89
548,3/1/2022,"5,713.42", Tuesday,1,3,22," 1,306.60", 268.25," 1,124.50"
549,3/2/2022,"4,817.68", Wednesday,2,3,22," 1,960.37", 115.00," 1,041.50"
550,3/3/2022,"7,468.29", Thursday,3,3,22," 2,023.25", 698.75, 633.50
551,3/4/2022,"13,126.31", Friday,4,3,22," 2,002.35", 345.50," 1,206.00"
552,3/5/2022,"10,636.17", Saturday,5,3,22," 1,661.21", 411.25," 1,902.80"
553,3/7/2022,0.00, Monday,7,3,22, 707.50, 331.75, 598.84
554,3/8/2022,"4,380.75", Tuesday,8,3,22," 1,079.00", 317.00," 1,551.00"
555,3/9/2022,"3,694.15", Wednesday,9,3,22," 2,304.90", 293.25," 1,143.75"
556,3/10/2022,"4,595.96", Thursday,10,3,22," 5,553.75", 365.25," 5,646.75"
557,3/11/2022,"4,872.90", Friday,11,3,22,-24.00,-289.50,-48.00
558,3/12/2022,"9,462.31", Saturday,12,3,22," 1,132.76", 384.50," 1,180.03"
559,3/15/2022,"3,879.94", Tuesday,15,3,22, 986.50, 369.75, 626.50
560,3/16/2022,"3,235.03", Wednesday,16,3,22, 643.00, 261.62, 77.75
561,3/17/2022,"2,563.68", Thursday,17,3,22," 3,121.25"," 1,373.25"," 1,122.00"
562,3/18/2022,"2,918.47", Friday,18,3,22," 2,386.25", 842.00," 2,224.25"
563,3/19/2022,"6,597.13", Saturday,19,3,22," 1,511.11", 547.50, 897.41
564,3/22/2022,"3,477.47", Tuesday,22,3,22," 1,009.04", 635.50," 1,035.50"
565,3/23/2022,"3,010.27", Wednesday,23,3,22," 1,204.00", 308.00," 1,178.00"
566,3/24/2022,"5,600.25", Thursday,24,3,22," 2,734.25", 427.25," 2,282.75"
567,3/25/2022,"11,937.91", Friday,25,3,22," 3,425.50"," 1,331.25"," 1,767.75"
568,3/26/2022,"15,865.52", Saturday,26,3,22," 2,185.20", 426.75, 917.58
569,3/27/2022,0.00, Sunday,27,3,22," 1,974.25", 171.50," 1,089.50"
570,3/28/2022,0.00, Monday,28,3,22," 2,074.75", 286.00," 1,228.75"
571,3/29/2022,"4,115.20", Tuesday,29,3,22," 5,062.00", 576.50," 4,120.50"
572,3/30/2022,"2,957.87", Wednesday,30,3,22," 4,091.75", 914.25," 3,919.25"
573,3/31/2022,"6,565.60", Thursday,31,3,22, 995.06, 147.00, 564.13
574,4/1/2022,"11,408.02", Friday,1,4,22, 558.50, 340.25, 573.25
575,4/2/2022,"11,683.36", Saturday,2,4,22," 1,006.75", 99.00, 593.50
576,4/5/2022,"7,023.48", Tuesday,5,4,22," 1,247.75", 303.62, 312.00
577,4/6/2022,"3,214.73", Wednesday,6,4,22," 1,889.00", 516.80," 1,179.50"
578,4/7/2022,"6,679.30", Thursday,7,4,22," 1,483.57", 195.75, 993.66
579,4/8/2022,"20,269.74", Friday,8,4,22," 1,036.00", 560.50, 799.00
580,4/9/2022,"29,360.00", Saturday,9,4,22, 627.50, 262.70, 199.00
581,4/12/2022,"3,983.50", Tuesday,12,4,22, 894.25, 800.75, 844.54
582,4/13/2022,"4,137.31", Wednesday,13,4,22, 697.50, 574.50, 550.00
583,4/14/2022,"7,330.84", Thursday,14,4,22, 736.61, 477.00, 871.83
584,4/15/2022,"8,992.67", Friday,15,4,22, 951.50, 490.25," 1,543.00"
585,4/16/2022,"14,470.54", Saturday,16,4,22, 669.25, 237.50, 235.00
586,4/19/2022,"5,384.54", Tuesday,19,4,22, 769.25, 447.50, 389.00
587,4/20/2022,"5,204.03", Wednesday,20,4,22," 1,725.65", 394.75, 701.10
588,4/21/2022,"6,669.42", Thursday,21,4,22, 618.39, 367.00, 579.38
589,4/22/2022,"6,836.86", Friday,22,4,22, 843.00, 294.00, 404.50
590,4/23/2022,"15,397.78", Saturday,23,4,22, 641.30, 277.75, 244.00
591,4/24/2022,"4,930.94", Sunday,24,4,22," 1,717.25", 587.25, 791.00
592,4/26/2022,"5,469.43", Tuesday,26,4,22," 1,268.00", 662.25," 1,710.00"
593,4/27/2022,"3,180.45", Wednesday,27,4,22, 744.19, 299.25, 739.49
594,4/28/2022,"3,694.39", Thursday,28,4,22, 409.00, 443.75, 76.00
595,4/29/2022,"12,785.71", Friday,29,4,22," 1,243.50", 192.00, 260.50
596,4/30/2022,"11,930.36", Saturday,30,4,22," 1,761.50", 497.75," 1,639.25"
597,5/3/2022,"6,285.65", Tuesday,3,5,22,"ivery

 Total

 1,794.00", 603.50, 59.75
598,5/4/2022,"3,421.38", Wednesday,4,5,22, 837.07, 254.75, 198.23
599,5/5/2022,"7,853.66", Thursday,5,5,22, 559.00, 373.50, 398.25
600,5/6/2022,"12,778.45", Friday,6,5,22, 634.25, 234.75, 501.75
601,5/7/2022,"13,794.69", Saturday,7,5,22,"ivery

 Total

 1,071.00", 582.25, 525.40
602,5/10/2022,"6,494.40", Tuesday,10,5,22," 1,676.50", 716.75," 1,108.75"
603,5/11/2022,"6,969.76", Wednesday,11,5,22, 875.14, 214.75, 478.48
604,5/12/2022,"8,314.82", Thursday,12,5,22, 466.50, 282.00, 76.00
605,5/13/2022,"20,731.50", Friday,13,5,22, 449.37, 145.25, 368.00
606,5/14/2022,"25,468.27", Saturday,14,5,22, 808.50, 541.25, 600.50
607,5/17/2022,"4,326.21", Tuesday,17,5,22,"ivery

 Total

 838.77", 237.75, 869.00
608,5/18/2022,"3,932.87", Wednesday,18,5,22, 568.18, 247.00, 455.11
609,5/19/2022,"3,280.21", Thursday,19,5,22, 677.50, 347.50, 470.50
610,5/20/2022,"5,540.61", Friday,20,5,22, 812.50, 211.75, 433.50
611,5/21/2022,"4,995.62", Saturday,21,5,22," 2,101.50", 794.25, 694.50
612,5/24/2022,"3,807.05", Tuesday,24,5,22," 1,501.50", 670.87, 495.50
613,5/25/2022,"3,277.19", Wednesday,25,5,22," 1,088.81", 180.00, 413.91
614,5/26/2022,"3,264.50", Thursday,26,5,22, 305.75, 332.50, 130.50
615,5/27/2022,"7,047.56", Friday,27,5,22, 856.00, 42.00, 608.50
616,5/28/2022,"4,639.28", Saturday,28,5,22," 1,610.75", 668.25, 805.25
617,5/31/2022,"3,990.45", Tuesday,31,5,22," 1,735.00", 550.25, 284.00
618,6/1/2022,"4,204.91", Wednesday,1,6,22, 870.32, 395.11, 623.94
619,6/2/2022,"3,266.95", Thursday,2,6,22, 643.75, 271.00, 37.00
620,6/3/2022,"5,489.40", Friday,3,6,22, 664.75, 234.75, 197.25
621,6/4/2022,"7,748.77", Saturday,4,6,22,"ivery

 Total

 2,457.75", 724.75," 1,179.00"
622,6/7/2022,"4,093.41", Tuesday,7,6,22," 1,585.87", 719.25, 656.75
623,6/8/2022,"3,177.82", Wednesday,8,6,22, 718.95, 461.50, 638.87
624,6/9/2022,"3,240.26", Thursday,9,6,22, 318.75, 317.75, 221.00
625,6/10/2022,"6,984.56", Friday,10,6,22, 936.25, 176.00, 552.00
626,6/11/2022,"6,091.60", Saturday,11,6,22," 1,718.86", 558.25, 785.75
627,6/14/2022,"3,796.92", Tuesday,14,6,22," 1,551.62", 755.50, 892.00
628,6/15/2022,"3,202.55", Wednesday,15,6,22,0.00,100.00%,
629,6/16/2022,"5,535.56", Thursday,16,6,22," 1,139.67", 449.50, 379.91
630,6/17/2022,"7,534.42", Friday,17,6,22," 1,012.78", 258.50, 714.25
631,6/18/2022,"6,661.26", Saturday,18,6,22, 718.75, 388.62, 417.50
632,6/20/2022,0.00, Monday,20,6,22," 2,242.75", 523.50," 1,154.25"
633,6/21/2022,"3,842.92", Tuesday,21,6,22," 1,993.10", 993.75," 1,362.25"
634,6/22/2022,"2,945.61", Wednesday,22,6,22,"Change Grand Ttl
Grand Total
Training Total

0
0

0.00",0.00,0.00
635,6/23/2022,"3,113.30", Thursday,23,6,22, 789.41, 264.12, 580.63
636,6/24/2022,"5,156.91", Friday,24,6,22," 1,399.00"," 1,282.25"," 1,350.75"
637,6/25/2022,"6,184.52", Saturday,25,6,22," 1,025.50", 307.62, 737.00
638,6/28/2022,"4,173.48", Tuesday,28,6,22," 2,153.79", 866.50, 813.25
639,6/29/2022,"2,421.97", Wednesday,29,6,22," 2,980.68", 598.50, 986.67
640,6/30/2022,"2,218.84", Thursday,30,6,22," 1,538.34", 429.25," 1,011.02"
641,7/1/2022,"3,887.69", Friday,1,7,22,"ivery

 Total

 931.86", 591.87," 1,211.50"
642,7/2/2022,"2,690.96", Saturday,2,7,22, 899.75, 571.75, 486.00
643,7/5/2022,"2,644.78", Tuesday,5,7,22," 2,667.37"," 1,097.25"," 1,565.00"
644,7/6/2022,"2,658.66", Wednesday,6,7,22," 2,417.75"," 1,202.50"," 1,237.50"
645,7/7/2022,"3,208.06", Thursday,7,7,22," 1,244.02", 354.75, 739.77
646,7/8/2022,"6,609.93", Friday,8,7,22," 1,003.25", 535.00, 302.25
647,7/9/2022,"5,155.05", Saturday,9,7,22, 859.00, 463.87, 807.50
648,7/12/2022,"3,627.11", Tuesday,12,7,22," 2,908.54", 819.25," 1,160.75"
649,7/13/2022,"2,320.68", Wednesday,13,7,22," 3,689.80"," 1,047.00"," 1,219.00"
650,7/14/2022,"2,820.47", Thursday,14,7,22, 614.83, 370.37, 465.09
651,7/15/2022,"6,646.79", Friday,15,7,22, 707.50, 630.50, 248.75
652,7/16/2022,"5,470.02", Saturday,16,7,22,"ivery

 Total

 1,583.86", 705.25, 668.00
653,7/19/2022,"3,642.48", Tuesday,19,7,22," 3,127.75", 533.00," 1,570.73"
654,7/20/2022,"2,121.32", Wednesday,20,7,22," 5,455.25", 41.50," 3,723.25"
655,7/21/2022,"2,380.40", Thursday,21,7,22, 712.89, 271.25, 771.60
656,7/22/2022,"7,312.98", Friday,22,7,22, 987.00, 305.00, 189.00
657,7/23/2022,"5,126.80", Saturday,23,7,22,"ivery

 Total

 799.00", 444.00," 1,108.50"
658,7/25/2022,0.00, Monday,25,7,22," 2,920.74", 856.25," 1,141.00"
659,7/26/2022,"3,548.74", Tuesday,26,7,22," 5,444.68", 157.00," 3,261.00"
660,7/27/2022,"1,709.79", Wednesday,27,7,22, 566.88, 406.00, 436.90
661,7/28/2022,"2,271.02", Thursday,28,7,22," 1,303.00", 591.00, 908.50
662,7/29/2022,"6,294.96", Friday,29,7,22, 965.48, 679.00, 435.25
663,7/30/2022,"10,733.58", Saturday,30,7,22," 2,603.05", 559.25, 815.75
664,7/31/2022,8.70, Sunday,31,7,22," 2,368.75", 703.00," 1,912.20"
665,8/1/2022,0.00, Monday,1,8,22, 848.58, 311.50, 504.16
666,8/2/2022,"4,175.47", Tuesday,2,8,22, 550.35, 312.50, 58.00
667,8/3/2022,"2,961.10", Wednesday,3,8,22," 1,182.25", 511.00, 901.25
668,8/4/2022,"3,550.83", Thursday,4,8,22," 6,117.30"," 1,034.75"," 4,444.00"
669,8/5/2022,"6,823.50", Friday,5,8,22,"ivery

 Total

 15,292.86", 472.00," 6,084.00"
670,8/6/2022,"7,575.67", Saturday,6,8,22," 1,143.07", 606.25, 767.95
671,8/7/2022,0.00, Sunday,7,8,22," 1,115.40", 479.00, 502.50
672,8/8/2022,198.82, Monday,8,8,22, 544.00, 537.25," 1,065.75"
673,8/9/2022,"4,805.49", Tuesday,9,8,22," 2,878.86", 802.00, 880.25
674,8/10/2022,"6,469.09", Wednesday,10,8,22," 2,050.11"," 1,717.00", 318.50
675,8/11/2022,"4,861.28", Thursday,11,8,22, 673.69, 412.00, 0.00
676,8/12/2022,"8,592.37", Friday,12,8,22, 435.25, 471.00, 141.50
677,8/13/2022,"7,759.49", Saturday,13,8,22, 721.49, 807.00, 190.50
678,8/16/2022,"5,933.66", Tuesday,16,8,22," 1,463.50", 715.75, 508.00
679,8/17/2022,"5,553.25", Wednesday,17,8,22," 1,309.05", 844.50, 396.50
680,8/18/2022,"4,937.83", Thursday,18,8,22, 657.66, 518.00, 271.48
681,8/19/2022,"11,105.46", Friday,19,8,22, 945.12, 135.25, 584.00
682,8/20/2022,"9,689.26", Saturday,20,8,22," 1,408.25", 568.50," 1,118.50"
683,8/21/2022,0.00, Sunday,21,8,22," 3,113.75", 553.00," 2,194.08"
684,8/23/2022,"5,389.18", Tuesday,23,8,22," 5,704.95", 60.00," 5,491.75"
685,8/24/2022,"4,932.66", Wednesday,24,8,22," 1,087.99", 589.50," 1,189.56"
686,8/25/2022,"4,657.63", Thursday,25,8,22," 1,372.25", 402.50, 345.00
687,8/26/2022,"10,813.51", Friday,26,8,22, 817.25, 335.75, 186.25
688,8/27/2022,"13,496.56", Saturday,27,8,22," 2,532.97"," 1,115.75", 779.50
689,8/28/2022,0.00, Sunday,28,8,22,"ivery

 Total

 2,263.25", 971.75," 1,553.58"
690,8/30/2022,"3,757.63", Tuesday,30,8,22," 1,503.02", 735.25, 759.28
691,8/31/2022,"4,007.69", Wednesday,31,8,22," 1,306.25", 339.50, 223.00
692,9/1/2022,"6,131.72", Thursday,1,9,22," 1,189.50", 370.75, 374.25
693,9/2/2022,"12,928.63", Friday,2,9,22," 2,452.10", 861.50," 1,248.25"
694,9/3/2022,"26,243.07", Saturday,3,9,22," 2,404.50", 691.75, 693.75
695,9/5/2022,0.00, Monday,5,9,22, 634.10, 488.75, 298.42
696,9/6/2022,"4,704.44", Tuesday,6,9,22," 1,207.50", 580.00, 500.82
697,9/7/2022,"3,179.52", Wednesday,7,9,22, 866.25, 520.25, 590.50
698,9/8/2022,"5,201.58", Thursday,8,9,22," 4,801.09"," 1,113.50"," 4,026.86"
699,9/9/2022,"11,154.30", Friday,9,9,22,"ivery

 Total

 7,782.50", 259.00," 7,432.75"
700,9/10/2022,"24,257.47", Saturday,10,9,22," 1,165.85", 516.75, 747.01
701,9/11/2022,0.00, Sunday,11,9,22, 998.99, 302.25, 784.50
702,9/13/2022,"3,678.37", Tuesday,13,9,22," 1,645.46", 680.00, 786.50
703,9/14/2022,"6,545.97", Wednesday,14,9,22," 2,590.75"," 1,075.25"," 1,067.75"
704,9/15/2022,"4,481.49", Thursday,15,9,22,"ivery

 Total

 3,332.49"," 1,015.75"," 1,958.75"
705,9/16/2022,"7,748.79", Friday,16,9,22," 2,145.80", 222.75, 738.81
706,9/17/2022,"10,590.24", Saturday,17,9,22," 1,205.00", 501.25, 593.36
707,9/19/2022,0.00, Monday,19,9,22," 1,456.75", 449.25," 1,257.49"
708,9/20/2022,"3,689.62", Tuesday,20,9,22,"ivery

 Total

 5,481.50"," 1,028.25"," 3,045.25"
709,9/21/2022,"2,339.27", Wednesday,21,9,22," 8,750.75", 95.00," 6,218.60"
710,9/22/2022,"5,934.30", Thursday,22,9,22,-8.00, 0.00,-144.00
711,9/23/2022,"28,823.31", Friday,23,9,22," 1,487.57", 379.00, 668.42
712,9/24/2022,"48,774.95", Saturday,24,9,22, 483.50, 263.50, 29.00
713,9/27/2022,"4,962.28", Tuesday,27,9,22," 1,515.59", 525.75, 626.00
714,9/28/2022,"4,624.83", Wednesday,28,9,22," 1,213.00"," 1,069.25", 310.00
715,9/29/2022,"4,749.87", Thursday,29,9,22," 1,510.77", 609.75," 1,044.82"
716,9/30/2022,"11,169.77", Friday,30,9,22, 827.00, 379.50, 81.00
717,10/1/2022,"9,722.38", Saturday,1,10,22," 2,025.75", 475.75, 358.50
718,10/2/2022,0.00, Sunday,2,10,22," 3,739.51", 869.89," 1,488.75"
719,10/4/2022,"4,028.97", Tuesday,4,10,22,"ivery

 Total

 3,291.98"," 1,043.50"," 2,421.00"
720,10/5/2022,"2,434.87", Wednesday,5,10,22,"ivery

 Total

 1,739.77", 439.75," 1,109.89"
721,10/6/2022,"3,550.63", Thursday,6,10,22," 1,073.74", 598.25, 346.50
722,10/7/2022,"3,352.05", Friday,7,10,22," 1,893.25", 376.50," 1,209.50"
723,10/8/2022,"3,250.98", Saturday,8,10,22," 3,667.11"," 1,223.50"," 2,069.25"
724,10/11/2022,"3,750.86", Tuesday,11,10,22," 2,522.75"," 1,225.00"," 1,745.70"
725,10/12/2022,"3,141.32", Wednesday,12,10,22," 1,665.79", 283.50," 1,361.38"
726,10/13/2022,"6,111.07", Thursday,13,10,22," 1,639.65", 931.50, 629.00
727,10/14/2022,"18,793.70", Friday,14,10,22," 2,777.50", 813.50," 1,586.00"
728,10/15/2022,"29,226.63", Saturday,15,10,22," 2,677.00", 873.50," 2,714.00"
729,10/16/2022,0.00, Sunday,16,10,22," 3,253.24", 997.00," 3,905.25"
730,10/18/2022,"3,847.17", Tuesday,18,10,22," 1,006.28", 243.75, 583.64
731,10/19/2022,"3,123.59", Wednesday,19,10,22, 524.70, 359.00, 333.00
732,10/20/2022,"3,564.72", Thursday,20,10,22, 403.00, 449.75, 146.00
733,10/21/2022,"9,088.33", Friday,21,10,22, 808.00, 848.00, 316.25
734,10/22/2022,"9,719.41", Saturday,22,10,22, 880.57, 363.25, 577.74
735,10/25/2022,"5,080.15", Tuesday,25,10,22, 619.50, 605.00, 58.00
736,10/26/2022,"3,349.25", Wednesday,26,10,22, 501.25, 295.00, 281.50
737,10/27/2022,"3,297.03", Thursday,27,10,22," 2,324.25", 420.75," 1,171.14"
738,10/28/2022,"7,137.32", Friday,28,10,22," 2,022.37", 900.75," 1,901.25"
739,10/29/2022,"7,230.23", Saturday,29,10,22, 940.90, 532.50, 153.22
740,10/30/2022,0.00, Sunday,30,10,22, 666.50, 168.75, 292.10
741,11/1/2022,"3,268.75", Tuesday,1,11,22, 891.50, 209.25, 32.00
742,11/2/2022,"3,544.72", Wednesday,2,11,22," 1,861.39", 787.75, 223.50
743,11/3/2022,"3,714.93", Thursday,3,11,22," 1,874.25"," 1,241.25", 757.75
744,11/4/2022,"14,361.31", Friday,4,11,22, 805.59, 398.49, 543.95
745,11/5/2022,"43,619.24", Saturday,5,11,22, 697.25, 236.50, 694.00
746,11/6/2022,0.00, Sunday,6,11,22," 1,370.50", 308.75, 244.50
747,11/8/2022,"4,838.54", Tuesday,8,11,22," 2,963.09"," 1,226.25", 960.75
748,11/9/2022,"5,111.72", Wednesday,9,11,22," 3,449.25", 761.00," 2,122.50"
749,11/10/2022,"4,026.91", Thursday,10,11,22," 1,408.76", 316.75," 1,064.41"
750,11/11/2022,"7,289.45", Friday,11,11,22," 1,141.50", 417.25, 637.25
751,11/12/2022,"9,436.48", Saturday,12,11,22," 1,343.50", 362.50, 535.00
752,11/13/2022,0.00, Sunday,13,11,22," 3,293.24", 699.25," 2,300.01"
753,11/15/2022,"4,697.02", Tuesday,15,11,22," 3,800.36", 804.50," 1,764.25"
754,11/16/2022,"3,086.49", Wednesday,16,11,22," 1,197.01", 370.50, 918.40
755,11/17/2022,"4,305.59", Thursday,17,11,22, 773.25, 545.00, 395.75
756,11/18/2022,"15,057.99", Friday,18,11,22," 1,073.00", 513.25, 798.50
757,11/19/2022,"40,960.88", Saturday,19,11,22," 2,994.25", 828.75," 2,351.00"
758,11/20/2022,0.00, Sunday,20,11,22," 3,755.50", 820.50," 3,820.11"
759,11/21/2022,-126.52, Monday,21,11,22,,,
760,11/22/2022,"3,396.80", Tuesday,22,11,22,,,
761,11/23/2022,946.20, Wednesday,23,11,22,,,
762,11/25/2022,"3,427.72", Friday,25,11,22,,,
763,11/26/2022,"3,392.73", Saturday,26,11,22,,,
764,11/27/2022,0.00, Sunday,27,11,22,,,
765,11/28/2022,0.00, Monday,28,11,22,,,
766,11/29/2022,"4,270.23", Tuesday,29,11,22,,,
767,11/30/2022,"1,603.43", Wednesday,30,11,22,,,
768,12/1/2022,"4,610.44", Thursday,1,12,22,,,
769,12/2/2022,"10,534.76", Friday,2,12,22,,,
770,12/3/2022,"9,166.81", Saturday,3,12,22,,,
771,12/4/2022,0.00, Sunday,4,12,22,,,
772,12/6/2022,"4,347.08", Tuesday,6,12,22,,,
773,12/7/2022,"2,633.03", Wednesday,7,12,22,,,
774,12/8/2022,"5,313.34", Thursday,8,12,22,,,
775,12/9/2022,"11,378.89", Friday,9,12,22,,,
776,12/10/2022,"7,401.16", Saturday,10,12,22,,,
777,12/11/2022,0.00, Sunday,11,12,22,,,
778,12/13/2022,"4,457.70", Tuesday,13,12,22,,,
779,12/14/2022,"4,034.95", Wednesday,14,12,22,,,
780,12/15/2022,"6,650.45", Thursday,15,12,22,,,
781,12/16/2022,"12,216.92", Friday,16,12,22,,,
782,12/17/2022,"14,786.88", Saturday,17,12,22,,,
783,12/19/2022,0.00, Monday,19,12,22,,,
784,12/20/2022,"2,326.08", Tuesday,20,12,22,,,
785,12/21/2022,"1,469.58", Wednesday,21,12,22,,,
786,12/22/2022,"1,255.99", Thursday,22,12,22,,,
787,12/23/2022,"2,474.66", Friday,23,12,22,,,
788,12/27/2022,"2,255.05", Tuesday,27,12,22,,,
789,12/28/2022,"1,621.48", Wednesday,28,12,22,,,
790,12/29/2022,"1,355.14", Thursday,29,12,22,,,
791,12/30/2022,"5,115.48", Friday,30,12,22,,,
792,12/31/2022,"7,240.30", Saturday,31,12,22,,,
793,1/3/2023,"2,076.34", Tuesday,3,1,23,,,
794,1/4/2023,"1,428.59", Wednesday,4,1,23,,,
795,1/5/2023,"1,457.41", Thursday,5,1,23,,,
796,1/6/2023,"3,575.10", Friday,6,1,23,,,
797,1/7/2023,"5,973.09", Saturday,7,1,23,,,
798,1/9/2023,0.00, Monday,9,1,23,,,
799,1/10/2023,"2,832.82", Tuesday,10,1,23,,,
800,1/11/2023,"2,296.40", Wednesday,11,1,23,,,
801,1/12/2023,"2,477.86", Thursday,12,1,23,,,
802,1/13/2023,"7,374.30", Friday,13,1,23,,,
803,1/14/2023,"8,409.61", Saturday,14,1,23,,,
804,1/15/2023,0.00, Sunday,15,1,23,,,
805,1/16/2023,26.28, Monday,16,1,23,,,
806,1/17/2023,"8,484.86", Tuesday,17,1,23,,,
807,1/18/2023,"2,808.32", Wednesday,18,1,23,,,
808,1/19/2023,"2,920.55", Thursday,19,1,23,,,
809,1/20/2023,"11,609.40", Friday,20,1,23,,,
810,1/21/2023,"9,417.44", Saturday,21,1,23,,,
811,1/23/2023,0.00, Monday,23,1,23,,,
812,1/24/2023,"3,938.70", Tuesday,24,1,23,,,
813,1/25/2023,"2,193.60", Wednesday,25,1,23,,,
814,1/26/2023,"3,180.50", Thursday,26,1,23,,,
815,1/27/2023,"9,317.15", Friday,27,1,23,,,
816,1/28/2023,"14,905.21", Saturday,28,1,23,,,
