Date,Revenue,Day of Week,Day of Month,Month,Year,One_Day_Prior_Revenue,Two_Days_Prior_Revenue,Three_Days_Prior_Revenue,Four_Days_Prior_Revenue,Five_Days_Prior_Revenue,Six_Days_Prior_Revenue,Seven_Days_Prior_Revenue,Seven_Days_Prior_Summed_Revenue
5/5/2020,683.41,Tuesday,5,5,2020,0,0,0,0,0,0,0,0
5/6/2020,872.09,Wednesday,6,5,2020,683.41,0,0,0,0,0,0,683.41
5/7/2020,1062.7,Thursday,7,5,2020,872.09,683.41,0,0,0,0,0,1555.5
5/8/2020,2213.93,Friday,8,5,2020,1062.7,872.09,683.41,0,0,0,0,2618.2
5/9/2020,1234.98,Saturday,9,5,2020,2213.93,1062.7,872.09,683.41,0,0,0,4832.13
5/10/2020,1746.7,Sunday,10,5,2020,1234.98,2213.93,1062.7,872.09,683.41,0,0,6067.11
5/11/2020,713.55,Monday,11,5,2020,1746.7,1234.98,2213.93,1062.7,872.09,683.41,0,7813.81
5/12/2020,621.64,Tuesday,12,5,2020,713.55,1746.7,1234.98,2213.93,1062.7,872.09,683.41,8527.36
5/13/2020,900.32,Wednesday,13,5,2020,621.64,713.55,1746.7,1234.98,2213.93,1062.7,872.09,8465.59
5/14/2020,926.88,Thursday,14,5,2020,900.32,621.64,713.55,1746.7,1234.98,2213.93,1062.7,8493.82
5/15/2020,3851.81,Friday,15,5,2020,926.88,900.32,621.64,713.55,1746.7,1234.98,2213.93,8358
5/16/2020,3921.97,Saturday,16,5,2020,3851.81,926.88,900.32,621.64,713.55,1746.7,1234.98,9995.88
5/17/2020,3783.01,Sunday,17,5,2020,3921.97,3851.81,926.88,900.32,621.64,713.55,1746.7,12682.87
5/18/2020,3904.48,Monday,18,5,2020,3783.01,3921.97,3851.81,926.88,900.32,621.64,713.55,14719.18
5/19/2020,3347.7,Tuesday,19,5,2020,3904.48,3783.01,3921.97,3851.81,926.88,900.32,621.64,17910.11
5/20/2020,3804.31,Wednesday,20,5,2020,3347.7,3904.48,3783.01,3921.97,3851.81,926.88,900.32,20636.17
5/21/2020,4307.2,Thursday,21,5,2020,3804.31,3347.7,3904.48,3783.01,3921.97,3851.81,926.88,23540.16
5/22/2020,5104.9,Friday,22,5,2020,4307.2,3804.31,3347.7,3904.48,3783.01,3921.97,3851.81,26920.48
5/23/2020,5838.41,Saturday,23,5,2020,5104.9,4307.2,3804.31,3347.7,3904.48,3783.01,3921.97,28173.57
5/24/2020,4248.15,Sunday,24,5,2020,5838.41,5104.9,4307.2,3804.31,3347.7,3904.48,3783.01,30090.01
5/25/2020,1434.85,Monday,25,5,2020,4248.15,5838.41,5104.9,4307.2,3804.31,3347.7,3904.48,30555.15
5/26/2020,2714.13,Tuesday,26,5,2020,1434.85,4248.15,5838.41,5104.9,4307.2,3804.31,3347.7,28085.52
5/27/2020,2550.44,Wednesday,27,5,2020,2714.13,1434.85,4248.15,5838.41,5104.9,4307.2,3804.31,27451.95
5/28/2020,2787.4,Thursday,28,5,2020,2550.44,2714.13,1434.85,4248.15,5838.41,5104.9,4307.2,26198.08
5/29/2020,6994.56,Friday,29,5,2020,2787.4,2550.44,2714.13,1434.85,4248.15,5838.41,5104.9,24678.28
5/30/2020,7593.27,Saturday,30,5,2020,6994.56,2787.4,2550.44,2714.13,1434.85,4248.15,5838.41,26567.94
5/31/2020,5395.22,Sunday,31,5,2020,7593.27,6994.56,2787.4,2550.44,2714.13,1434.85,4248.15,28322.8
6/1/2020,3455.85,Monday,1,6,2020,5395.22,7593.27,6994.56,2787.4,2550.44,2714.13,1434.85,29469.87
6/2/2020,3926.58,Tuesday,2,6,2020,3455.85,5395.22,7593.27,6994.56,2787.4,2550.44,2714.13,31490.87
6/3/2020,3291.89,Wednesday,3,6,2020,3926.58,3455.85,5395.22,7593.27,6994.56,2787.4,2550.44,32703.32
6/4/2020,2561.71,Thursday,4,6,2020,3291.89,3926.58,3455.85,5395.22,7593.27,6994.56,2787.4,33444.77
6/5/2020,7016.98,Friday,5,6,2020,2561.71,3291.89,3926.58,3455.85,5395.22,7593.27,6994.56,33219.08
6/6/2020,7460.49,Saturday,6,6,2020,7016.98,2561.71,3291.89,3926.58,3455.85,5395.22,7593.27,33241.5
6/7/2020,4989.02,Sunday,7,6,2020,7460.49,7016.98,2561.71,3291.89,3926.58,3455.85,5395.22,33108.72
6/8/2020,2088.98,Monday,8,6,2020,4989.02,7460.49,7016.98,2561.71,3291.89,3926.58,3455.85,32702.52
6/9/2020,3388.59,Tuesday,9,6,2020,2088.98,4989.02,7460.49,7016.98,2561.71,3291.89,3926.58,31335.65
6/10/2020,3795.49,Wednesday,10,6,2020,3388.59,2088.98,4989.02,7460.49,7016.98,2561.71,3291.89,30797.66
6/11/2020,5234.93,Thursday,11,6,2020,3795.49,3388.59,2088.98,4989.02,7460.49,7016.98,2561.71,31301.26
6/12/2020,7543.05,Friday,12,6,2020,5234.93,3795.49,3388.59,2088.98,4989.02,7460.49,7016.98,33974.48
6/13/2020,7532.64,Saturday,13,6,2020,7543.05,5234.93,3795.49,3388.59,2088.98,4989.02,7460.49,34500.55
6/14/2020,3961.35,Sunday,14,6,2020,7532.64,7543.05,5234.93,3795.49,3388.59,2088.98,4989.02,34572.7
6/15/2020,2296.61,Monday,15,6,2020,3961.35,7532.64,7543.05,5234.93,3795.49,3388.59,2088.98,33545.03
6/16/2020,4288.23,Tuesday,16,6,2020,2296.61,3961.35,7532.64,7543.05,5234.93,3795.49,3388.59,33752.66
6/17/2020,3294.83,Wednesday,17,6,2020,4288.23,2296.61,3961.35,7532.64,7543.05,5234.93,3795.49,34652.3
6/18/2020,3863.27,Thursday,18,6,2020,3294.83,4288.23,2296.61,3961.35,7532.64,7543.05,5234.93,34151.64
6/19/2020,3884.38,Friday,19,6,2020,3863.27,3294.83,4288.23,2296.61,3961.35,7532.64,7543.05,32779.98
6/20/2020,4535.61,Saturday,20,6,2020,3884.38,3863.27,3294.83,4288.23,2296.61,3961.35,7532.64,29121.31
6/21/2020,3131.28,Sunday,21,6,2020,4535.61,3884.38,3863.27,3294.83,4288.23,2296.61,3961.35,26124.28
6/22/2020,2306.86,Monday,22,6,2020,3131.28,4535.61,3884.38,3863.27,3294.83,4288.23,2296.61,25294.21
6/23/2020,4555.84,Tuesday,23,6,2020,2306.86,3131.28,4535.61,3884.38,3863.27,3294.83,4288.23,25304.46
6/24/2020,3212.97,Wednesday,24,6,2020,4555.84,2306.86,3131.28,4535.61,3884.38,3863.27,3294.83,25572.07
6/25/2020,4045.28,Thursday,25,6,2020,3212.97,4555.84,2306.86,3131.28,4535.61,3884.38,3863.27,25490.21
6/26/2020,7491.25,Friday,26,6,2020,4045.28,3212.97,4555.84,2306.86,3131.28,4535.61,3884.38,25672.22
6/27/2020,8106.95,Saturday,27,6,2020,7491.25,4045.28,3212.97,4555.84,2306.86,3131.28,4535.61,29279.09
6/28/2020,3881.7,Sunday,28,6,2020,8106.95,7491.25,4045.28,3212.97,4555.84,2306.86,3131.28,32850.43
6/29/2020,2671.31,Monday,29,6,2020,3881.7,8106.95,7491.25,4045.28,3212.97,4555.84,2306.86,33600.85
6/30/2020,4045.59,Tuesday,30,6,2020,2671.31,3881.7,8106.95,7491.25,4045.28,3212.97,4555.84,33965.3
7/1/2020,2402.55,Wednesday,1,7,2020,4045.59,2671.31,3881.7,8106.95,7491.25,4045.28,3212.97,33455.05
7/2/2020,5667.96,Thursday,2,7,2020,2402.55,4045.59,2671.31,3881.7,8106.95,7491.25,4045.28,32644.63
7/3/2020,4448.64,Friday,3,7,2020,5667.96,2402.55,4045.59,2671.31,3881.7,8106.95,7491.25,34267.31
7/4/2020,3510.51,Saturday,4,7,2020,4448.64,5667.96,2402.55,4045.59,2671.31,3881.7,8106.95,31224.7
7/5/2020,2722.38,Sunday,5,7,2020,3510.51,4448.64,5667.96,2402.55,4045.59,2671.31,3881.7,26628.26
7/6/2020,1767.24,Monday,6,7,2020,2722.38,3510.51,4448.64,5667.96,2402.55,4045.59,2671.31,25468.94
7/7/2020,4059.6,Tuesday,7,7,2020,1767.24,2722.38,3510.51,4448.64,5667.96,2402.55,4045.59,24564.87
7/8/2020,2332.67,Wednesday,8,7,2020,4059.6,1767.24,2722.38,3510.51,4448.64,5667.96,2402.55,24578.88
7/9/2020,3345.14,Thursday,9,7,2020,2332.67,4059.6,1767.24,2722.38,3510.51,4448.64,5667.96,24509
7/10/2020,6781.47,Friday,10,7,2020,3345.14,2332.67,4059.6,1767.24,2722.38,3510.51,4448.64,22186.18
7/11/2020,4976.88,Saturday,11,7,2020,6781.47,3345.14,2332.67,4059.6,1767.24,2722.38,3510.51,24519.01
7/12/2020,28.75,Sunday,12,7,2020,4976.88,6781.47,3345.14,2332.67,4059.6,1767.24,2722.38,25985.38
7/13/2020,2270.23,Monday,13,7,2020,28.75,4976.88,6781.47,3345.14,2332.67,4059.6,1767.24,23291.75
7/14/2020,3661.85,Tuesday,14,7,2020,2270.23,28.75,4976.88,6781.47,3345.14,2332.67,4059.6,23794.74
7/15/2020,2650.27,Wednesday,15,7,2020,3661.85,2270.23,28.75,4976.88,6781.47,3345.14,2332.67,23396.99
7/16/2020,3675.21,Thursday,16,7,2020,2650.27,3661.85,2270.23,28.75,4976.88,6781.47,3345.14,23714.59
7/17/2020,6706.31,Friday,17,7,2020,3675.21,2650.27,3661.85,2270.23,28.75,4976.88,6781.47,24044.66
7/18/2020,8181.15,Saturday,18,7,2020,6706.31,3675.21,2650.27,3661.85,2270.23,28.75,4976.88,23969.5
7/19/2020,3397.79,Sunday,19,7,2020,8181.15,6706.31,3675.21,2650.27,3661.85,2270.23,28.75,27173.77
7/20/2020,2233.12,Monday,20,7,2020,3397.79,8181.15,6706.31,3675.21,2650.27,3661.85,2270.23,30542.81
7/21/2020,4666.97,Tuesday,21,7,2020,2233.12,3397.79,8181.15,6706.31,3675.21,2650.27,3661.85,30505.7
7/22/2020,1933.12,Wednesday,22,7,2020,4666.97,2233.12,3397.79,8181.15,6706.31,3675.21,2650.27,31510.82
7/23/2020,3647.5,Thursday,23,7,2020,1933.12,4666.97,2233.12,3397.79,8181.15,6706.31,3675.21,30793.67
7/24/2020,5850.16,Friday,24,7,2020,3647.5,1933.12,4666.97,2233.12,3397.79,8181.15,6706.31,30765.96
7/25/2020,6220.4,Saturday,25,7,2020,5850.16,3647.5,1933.12,4666.97,2233.12,3397.79,8181.15,29909.81
7/26/2020,4091.62,Sunday,26,7,2020,6220.4,5850.16,3647.5,1933.12,4666.97,2233.12,3397.79,27949.06
7/27/2020,860.58,Monday,27,7,2020,4091.62,6220.4,5850.16,3647.5,1933.12,4666.97,2233.12,28642.89
7/28/2020,4564.39,Tuesday,28,7,2020,860.58,4091.62,6220.4,5850.16,3647.5,1933.12,4666.97,27270.35
7/29/2020,2663.54,Wednesday,29,7,2020,4564.39,860.58,4091.62,6220.4,5850.16,3647.5,1933.12,27167.77
7/30/2020,3853.83,Thursday,30,7,2020,2663.54,4564.39,860.58,4091.62,6220.4,5850.16,3647.5,27898.19
7/31/2020,7903.01,Friday,31,7,2020,3853.83,2663.54,4564.39,860.58,4091.62,6220.4,5850.16,28104.52
8/1/2020,9025.21,Saturday,1,8,2020,7903.01,3853.83,2663.54,4564.39,860.58,4091.62,6220.4,30157.37
8/2/2020,4781.65,Sunday,2,8,2020,9025.21,7903.01,3853.83,2663.54,4564.39,860.58,4091.62,32962.18
8/3/2020,3068.3,Monday,3,8,2020,4781.65,9025.21,7903.01,3853.83,2663.54,4564.39,860.58,33652.21
8/4/2020,5018.43,Tuesday,4,8,2020,3068.3,4781.65,9025.21,7903.01,3853.83,2663.54,4564.39,35859.93
8/5/2020,3264.58,Wednesday,5,8,2020,5018.43,3068.3,4781.65,9025.21,7903.01,3853.83,2663.54,36313.97
8/6/2020,3927.68,Thursday,6,8,2020,3264.58,5018.43,3068.3,4781.65,9025.21,7903.01,3853.83,36915.01
8/7/2020,9234.12,Friday,7,8,2020,3927.68,3264.58,5018.43,3068.3,4781.65,9025.21,7903.01,36988.86
8/8/2020,10971.88,Saturday,8,8,2020,9234.12,3927.68,3264.58,5018.43,3068.3,4781.65,9025.21,38319.97
8/9/2020,5441.39,Sunday,9,8,2020,10971.88,9234.12,3927.68,3264.58,5018.43,3068.3,4781.65,40266.64
8/10/2020,3219.22,Monday,10,8,2020,5441.39,10971.88,9234.12,3927.68,3264.58,5018.43,3068.3,40926.38
8/11/2020,5583.91,Tuesday,11,8,2020,3219.22,5441.39,10971.88,9234.12,3927.68,3264.58,5018.43,41077.3
8/12/2020,4950.28,Wednesday,12,8,2020,5583.91,3219.22,5441.39,10971.88,9234.12,3927.68,3264.58,41642.78
8/13/2020,7497.01,Thursday,13,8,2020,4950.28,5583.91,3219.22,5441.39,10971.88,9234.12,3927.68,43328.48
8/14/2020,8325.7,Friday,14,8,2020,7497.01,4950.28,5583.91,3219.22,5441.39,10971.88,9234.12,46897.81
8/15/2020,9683.65,Saturday,15,8,2020,8325.7,7497.01,4950.28,5583.91,3219.22,5441.39,10971.88,45989.39
8/16/2020,4627.37,Sunday,16,8,2020,9683.65,8325.7,7497.01,4950.28,5583.91,3219.22,5441.39,44701.16
8/17/2020,3008.76,Monday,17,8,2020,4627.37,9683.65,8325.7,7497.01,4950.28,5583.91,3219.22,43887.14
8/18/2020,6211.46,Tuesday,18,8,2020,3008.76,4627.37,9683.65,8325.7,7497.01,4950.28,5583.91,43676.68
8/19/2020,2510.81,Wednesday,19,8,2020,6211.46,3008.76,4627.37,9683.65,8325.7,7497.01,4950.28,44304.23
8/20/2020,4760.1,Thursday,20,8,2020,2510.81,6211.46,3008.76,4627.37,9683.65,8325.7,7497.01,41864.76
8/21/2020,7932.08,Friday,21,8,2020,4760.1,2510.81,6211.46,3008.76,4627.37,9683.65,8325.7,39127.85
8/22/2020,7470.09,Saturday,22,8,2020,7932.08,4760.1,2510.81,6211.46,3008.76,4627.37,9683.65,38734.23
8/23/2020,5138.83,Sunday,23,8,2020,7470.09,7932.08,4760.1,2510.81,6211.46,3008.76,4627.37,36520.67
8/24/2020,3494.47,Monday,24,8,2020,5138.83,7470.09,7932.08,4760.1,2510.81,6211.46,3008.76,37032.13
8/25/2020,4493.43,Tuesday,25,8,2020,3494.47,5138.83,7470.09,7932.08,4760.1,2510.81,6211.46,37517.84
8/26/2020,3260.96,Wednesday,26,8,2020,4493.43,3494.47,5138.83,7470.09,7932.08,4760.1,2510.81,35799.81
8/27/2020,3930.81,Thursday,27,8,2020,3260.96,4493.43,3494.47,5138.83,7470.09,7932.08,4760.1,36549.96
8/28/2020,8972.05,Friday,28,8,2020,3930.81,3260.96,4493.43,3494.47,5138.83,7470.09,7932.08,35720.67
8/29/2020,10596.21,Saturday,29,8,2020,8972.05,3930.81,3260.96,4493.43,3494.47,5138.83,7470.09,36760.64
8/30/2020,3374.1,Sunday,30,8,2020,10596.21,8972.05,3930.81,3260.96,4493.43,3494.47,5138.83,39886.76
8/31/2020,1473.83,Monday,31,8,2020,3374.1,10596.21,8972.05,3930.81,3260.96,4493.43,3494.47,38122.03
9/1/2020,4308.56,Tuesday,1,9,2020,1473.83,3374.1,10596.21,8972.05,3930.81,3260.96,4493.43,36101.39
9/2/2020,3260.12,Wednesday,2,9,2020,4308.56,1473.83,3374.1,10596.21,8972.05,3930.81,3260.96,35916.52
9/3/2020,3922,Thursday,3,9,2020,3260.12,4308.56,1473.83,3374.1,10596.21,8972.05,3930.81,35915.68
9/4/2020,7281.5,Friday,4,9,2020,3922,3260.12,4308.56,1473.83,3374.1,10596.21,8972.05,35906.87
9/5/2020,8003.06,Saturday,5,9,2020,7281.5,3922,3260.12,4308.56,1473.83,3374.1,10596.21,34216.32
9/6/2020,4811.89,Sunday,6,9,2020,8003.06,7281.5,3922,3260.12,4308.56,1473.83,3374.1,31623.17
9/7/2020,3310.56,Monday,7,9,2020,4811.89,8003.06,7281.5,3922,3260.12,4308.56,1473.83,33060.96
9/8/2020,3820.82,Tuesday,8,9,2020,3310.56,4811.89,8003.06,7281.5,3922,3260.12,4308.56,34897.69
9/9/2020,1805.66,Wednesday,9,9,2020,3820.82,3310.56,4811.89,8003.06,7281.5,3922,3260.12,34409.95
9/10/2020,5275.46,Thursday,10,9,2020,1805.66,3820.82,3310.56,4811.89,8003.06,7281.5,3922,32955.49
9/11/2020,9699.81,Friday,11,9,2020,5275.46,1805.66,3820.82,3310.56,4811.89,8003.06,7281.5,34308.95
9/12/2020,15595.87,Saturday,12,9,2020,9699.81,5275.46,1805.66,3820.82,3310.56,4811.89,8003.06,36727.26
9/13/2020,3320.57,Sunday,13,9,2020,15595.87,9699.81,5275.46,1805.66,3820.82,3310.56,4811.89,44320.07
9/14/2020,1937.83,Monday,14,9,2020,3320.57,15595.87,9699.81,5275.46,1805.66,3820.82,3310.56,42828.75
9/15/2020,5119.91,Tuesday,15,9,2020,1937.83,3320.57,15595.87,9699.81,5275.46,1805.66,3820.82,41456.02
9/16/2020,3919.66,Wednesday,16,9,2020,5119.91,1937.83,3320.57,15595.87,9699.81,5275.46,1805.66,42755.11
9/17/2020,4926.66,Thursday,17,9,2020,3919.66,5119.91,1937.83,3320.57,15595.87,9699.81,5275.46,44869.11
9/18/2020,9635.36,Friday,18,9,2020,4926.66,3919.66,5119.91,1937.83,3320.57,15595.87,9699.81,44520.31
9/19/2020,13377.69,Saturday,19,9,2020,9635.36,4926.66,3919.66,5119.91,1937.83,3320.57,15595.87,44455.86
9/20/2020,3843.93,Sunday,20,9,2020,13377.69,9635.36,4926.66,3919.66,5119.91,1937.83,3320.57,42237.68
9/21/2020,2232.71,Monday,21,9,2020,3843.93,13377.69,9635.36,4926.66,3919.66,5119.91,1937.83,42761.04
9/22/2020,4362.19,Tuesday,22,9,2020,2232.71,3843.93,13377.69,9635.36,4926.66,3919.66,5119.91,43055.92
9/23/2020,2674.18,Wednesday,23,9,2020,4362.19,2232.71,3843.93,13377.69,9635.36,4926.66,3919.66,42298.2
9/24/2020,8506.59,Thursday,24,9,2020,2674.18,4362.19,2232.71,3843.93,13377.69,9635.36,4926.66,41052.72
9/25/2020,16319.03,Friday,25,9,2020,8506.59,2674.18,4362.19,2232.71,3843.93,13377.69,9635.36,44632.65
9/26/2020,18481.23,Saturday,26,9,2020,16319.03,8506.59,2674.18,4362.19,2232.71,3843.93,13377.69,51316.32
9/27/2020,4191.46,Sunday,27,9,2020,18481.23,16319.03,8506.59,2674.18,4362.19,2232.71,3843.93,56419.86
9/28/2020,1743.5,Monday,28,9,2020,4191.46,18481.23,16319.03,8506.59,2674.18,4362.19,2232.71,56767.39
9/29/2020,4687.28,Tuesday,29,9,2020,1743.5,4191.46,18481.23,16319.03,8506.59,2674.18,4362.19,56278.18
9/30/2020,3267.06,Wednesday,30,9,2020,4687.28,1743.5,4191.46,18481.23,16319.03,8506.59,2674.18,56603.27
10/1/2020,6439.47,Thursday,1,10,2020,3267.06,4687.28,1743.5,4191.46,18481.23,16319.03,8506.59,57196.15
10/2/2020,14053.29,Friday,2,10,2020,6439.47,3267.06,4687.28,1743.5,4191.46,18481.23,16319.03,55129.03
10/3/2020,20591.8,Saturday,3,10,2020,14053.29,6439.47,3267.06,4687.28,1743.5,4191.46,18481.23,52863.29
10/4/2020,5489.2,Sunday,4,10,2020,20591.8,14053.29,6439.47,3267.06,4687.28,1743.5,4191.46,54973.86
10/5/2020,2361.25,Monday,5,10,2020,5489.2,20591.8,14053.29,6439.47,3267.06,4687.28,1743.5,56271.6
10/6/2020,4315.43,Tuesday,6,10,2020,2361.25,5489.2,20591.8,14053.29,6439.47,3267.06,4687.28,56889.35
10/7/2020,2722.74,Wednesday,7,10,2020,4315.43,2361.25,5489.2,20591.8,14053.29,6439.47,3267.06,56517.5
10/8/2020,3307.49,Thursday,8,10,2020,2722.74,4315.43,2361.25,5489.2,20591.8,14053.29,6439.47,55973.18
10/9/2020,6461.58,Friday,9,10,2020,3307.49,2722.74,4315.43,2361.25,5489.2,20591.8,14053.29,52841.2
10/10/2020,5718.13,Saturday,10,10,2020,6461.58,3307.49,2722.74,4315.43,2361.25,5489.2,20591.8,45249.49
10/11/2020,3516.86,Sunday,11,10,2020,5718.13,6461.58,3307.49,2722.74,4315.43,2361.25,5489.2,30375.82
10/12/2020,3511.97,Monday,12,10,2020,3516.86,5718.13,6461.58,3307.49,2722.74,4315.43,2361.25,28403.48
10/13/2020,4745.29,Tuesday,13,10,2020,3511.97,3516.86,5718.13,6461.58,3307.49,2722.74,4315.43,29554.2
10/14/2020,2523.5,Wednesday,14,10,2020,4745.29,3511.97,3516.86,5718.13,6461.58,3307.49,2722.74,29984.06
10/15/2020,4510.31,Thursday,15,10,2020,2523.5,4745.29,3511.97,3516.86,5718.13,6461.58,3307.49,29784.82
10/16/2020,9805.13,Friday,16,10,2020,4510.31,2523.5,4745.29,3511.97,3516.86,5718.13,6461.58,30987.64
10/17/2020,11971.25,Saturday,17,10,2020,9805.13,4510.31,2523.5,4745.29,3511.97,3516.86,5718.13,34331.19
10/18/2020,3440.48,Sunday,18,10,2020,11971.25,9805.13,4510.31,2523.5,4745.29,3511.97,3516.86,40584.31
10/19/2020,2717.83,Monday,19,10,2020,3440.48,11971.25,9805.13,4510.31,2523.5,4745.29,3511.97,40507.93
10/20/2020,5452.58,Tuesday,20,10,2020,2717.83,3440.48,11971.25,9805.13,4510.31,2523.5,4745.29,39713.79
10/21/2020,2803.28,Wednesday,21,10,2020,5452.58,2717.83,3440.48,11971.25,9805.13,4510.31,2523.5,40421.08
10/22/2020,5719.32,Thursday,22,10,2020,2803.28,5452.58,2717.83,3440.48,11971.25,9805.13,4510.31,40700.86
10/23/2020,5584.53,Friday,23,10,2020,5719.32,2803.28,5452.58,2717.83,3440.48,11971.25,9805.13,41909.87
10/24/2020,7458.47,Saturday,24,10,2020,5584.53,5719.32,2803.28,5452.58,2717.83,3440.48,11971.25,37689.27
10/25/2020,2893.97,Sunday,25,10,2020,7458.47,5584.53,5719.32,2803.28,5452.58,2717.83,3440.48,33176.49
10/26/2020,1552.97,Monday,26,10,2020,2893.97,7458.47,5584.53,5719.32,2803.28,5452.58,2717.83,32629.98
11/2/2020,3593.1,Monday,2,11,2020,1552.97,2893.97,7458.47,5584.53,5719.32,2803.28,5452.58,31465.12
11/3/2020,5971.62,Tuesday,3,11,2020,3593.1,1552.97,2893.97,7458.47,5584.53,5719.32,2803.28,29605.64
11/4/2020,2412.38,Wednesday,4,11,2020,5971.62,3593.1,1552.97,2893.97,7458.47,5584.53,5719.32,32773.98
11/5/2020,5560.98,Thursday,5,11,2020,2412.38,5971.62,3593.1,1552.97,2893.97,7458.47,5584.53,29467.04
11/6/2020,11275.49,Friday,6,11,2020,5560.98,2412.38,5971.62,3593.1,1552.97,2893.97,7458.47,29443.49
11/7/2020,19262.51,Saturday,7,11,2020,11275.49,5560.98,2412.38,5971.62,3593.1,1552.97,2893.97,33260.51
11/8/2020,4757.6,Sunday,8,11,2020,19262.51,11275.49,5560.98,2412.38,5971.62,3593.1,1552.97,49629.05
11/9/2020,1877.14,Monday,9,11,2020,4757.6,19262.51,11275.49,5560.98,2412.38,5971.62,3593.1,52833.68
11/10/2020,4575.06,Tuesday,10,11,2020,1877.14,4757.6,19262.51,11275.49,5560.98,2412.38,5971.62,51117.72
11/11/2020,3077.29,Wednesday,11,11,2020,4575.06,1877.14,4757.6,19262.51,11275.49,5560.98,2412.38,49721.16
11/12/2020,6879.1,Thursday,12,11,2020,3077.29,4575.06,1877.14,4757.6,19262.51,11275.49,5560.98,50386.07
11/13/2020,8266.16,Friday,13,11,2020,6879.1,3077.29,4575.06,1877.14,4757.6,19262.51,11275.49,51704.19
11/14/2020,6107.91,Saturday,14,11,2020,8266.16,6879.1,3077.29,4575.06,1877.14,4757.6,19262.51,48694.86
11/15/2020,2363.81,Sunday,15,11,2020,6107.91,8266.16,6879.1,3077.29,4575.06,1877.14,4757.6,35540.26
11/16/2020,2273.35,Monday,16,11,2020,2363.81,6107.91,8266.16,6879.1,3077.29,4575.06,1877.14,33146.47
11/17/2020,6231.69,Tuesday,17,11,2020,2273.35,2363.81,6107.91,8266.16,6879.1,3077.29,4575.06,33542.68
11/18/2020,2706.46,Wednesday,18,11,2020,6231.69,2273.35,2363.81,6107.91,8266.16,6879.1,3077.29,35199.31
11/19/2020,3292.98,Thursday,19,11,2020,2706.46,6231.69,2273.35,2363.81,6107.91,8266.16,6879.1,34828.48
11/20/2020,10617.62,Friday,20,11,2020,3292.98,2706.46,6231.69,2273.35,2363.81,6107.91,8266.16,31242.36
11/21/2020,13863.84,Saturday,21,11,2020,10617.62,3292.98,2706.46,6231.69,2273.35,2363.81,6107.91,33593.82
11/22/2020,4331.28,Sunday,22,11,2020,13863.84,10617.62,3292.98,2706.46,6231.69,2273.35,2363.81,41349.75
11/23/2020,3405.75,Monday,23,11,2020,4331.28,13863.84,10617.62,3292.98,2706.46,6231.69,2273.35,43317.22
11/24/2020,2665.21,Tuesday,24,11,2020,3405.75,4331.28,13863.84,10617.62,3292.98,2706.46,6231.69,44449.62
11/25/2020,1739.77,Wednesday,25,11,2020,2665.21,3405.75,4331.28,13863.84,10617.62,3292.98,2706.46,40883.14
11/27/2020,2341.31,Friday,27,11,2020,1739.77,2665.21,3405.75,4331.28,13863.84,10617.62,3292.98,39916.45
11/28/2020,2378.71,Saturday,28,11,2020,2341.31,1739.77,2665.21,3405.75,4331.28,13863.84,10617.62,38964.78
11/29/2020,2209.27,Sunday,29,11,2020,2378.71,2341.31,1739.77,2665.21,3405.75,4331.28,13863.84,30725.87
11/30/2020,1129.74,Monday,30,11,2020,2209.27,2378.71,2341.31,1739.77,2665.21,3405.75,4331.28,19071.3
12/1/2020,3360.86,Tuesday,1,12,2020,1129.74,2209.27,2378.71,2341.31,1739.77,2665.21,3405.75,15869.76
12/2/2020,2116.58,Wednesday,2,12,2020,3360.86,1129.74,2209.27,2378.71,2341.31,1739.77,2665.21,15824.87
12/3/2020,3086.87,Thursday,3,12,2020,2116.58,3360.86,1129.74,2209.27,2378.71,2341.31,1739.77,15276.24
12/4/2020,7675.41,Friday,4,12,2020,3086.87,2116.58,3360.86,1129.74,2209.27,2378.71,2341.31,16623.34
12/5/2020,12899.43,Saturday,5,12,2020,7675.41,3086.87,2116.58,3360.86,1129.74,2209.27,2378.71,21957.44
12/6/2020,2967.84,Sunday,6,12,2020,12899.43,7675.41,3086.87,2116.58,3360.86,1129.74,2209.27,32478.16
12/7/2020,3179,Monday,7,12,2020,2967.84,12899.43,7675.41,3086.87,2116.58,3360.86,1129.74,33236.73
12/8/2020,3979.26,Tuesday,8,12,2020,3179,2967.84,12899.43,7675.41,3086.87,2116.58,3360.86,35285.99
12/9/2020,3031.58,Wednesday,9,12,2020,3979.26,3179,2967.84,12899.43,7675.41,3086.87,2116.58,35904.39
12/10/2020,6329.48,Thursday,10,12,2020,3031.58,3979.26,3179,2967.84,12899.43,7675.41,3086.87,36819.39
12/11/2020,9430.99,Friday,11,12,2020,6329.48,3031.58,3979.26,3179,2967.84,12899.43,7675.41,40062
12/12/2020,5023.13,Saturday,12,12,2020,9430.99,6329.48,3031.58,3979.26,3179,2967.84,12899.43,41817.58
12/13/2020,2363.47,Sunday,13,12,2020,5023.13,9430.99,6329.48,3031.58,3979.26,3179,2967.84,33941.28
12/14/2020,1587.7,Monday,14,12,2020,2363.47,5023.13,9430.99,6329.48,3031.58,3979.26,3179,33336.91
12/15/2020,3687.01,Tuesday,15,12,2020,1587.7,2363.47,5023.13,9430.99,6329.48,3031.58,3979.26,31745.61
12/16/2020,3133.62,Wednesday,16,12,2020,3687.01,1587.7,2363.47,5023.13,9430.99,6329.48,3031.58,31453.36
12/17/2020,3198.73,Thursday,17,12,2020,3133.62,3687.01,1587.7,2363.47,5023.13,9430.99,6329.48,31555.4
12/18/2020,5341.88,Friday,18,12,2020,3198.73,3133.62,3687.01,1587.7,2363.47,5023.13,9430.99,28424.65
12/19/2020,4506.37,Saturday,19,12,2020,5341.88,3198.73,3133.62,3687.01,1587.7,2363.47,5023.13,24335.54
12/20/2020,2504.54,Sunday,20,12,2020,4506.37,5341.88,3198.73,3133.62,3687.01,1587.7,2363.47,23818.78
12/21/2020,1088.01,Monday,21,12,2020,2504.54,4506.37,5341.88,3198.73,3133.62,3687.01,1587.7,23959.85
12/22/2020,2743.52,Tuesday,22,12,2020,1088.01,2504.54,4506.37,5341.88,3198.73,3133.62,3687.01,23460.16
12/23/2020,1829.49,Wednesday,23,12,2020,2743.52,1088.01,2504.54,4506.37,5341.88,3198.73,3133.62,22516.67
12/26/2020,3841.14,Saturday,26,12,2020,1829.49,2743.52,1088.01,2504.54,4506.37,5341.88,3198.73,21212.54
12/27/2020,2384.08,Sunday,27,12,2020,3841.14,1829.49,2743.52,1088.01,2504.54,4506.37,5341.88,21854.95
12/28/2020,1460.03,Monday,28,12,2020,2384.08,3841.14,1829.49,2743.52,1088.01,2504.54,4506.37,18897.15
12/29/2020,2764.03,Tuesday,29,12,2020,1460.03,2384.08,3841.14,1829.49,2743.52,1088.01,2504.54,15850.81
12/30/2020,4885.94,Wednesday,30,12,2020,2764.03,1460.03,2384.08,3841.14,1829.49,2743.52,1088.01,16110.3
12/31/2020,4295.2,Thursday,31,12,2020,4885.94,2764.03,1460.03,2384.08,3841.14,1829.49,2743.52,19908.23
1/1/2021,2494.96,Friday,1,1,2021,4295.2,4885.94,2764.03,1460.03,2384.08,3841.14,1829.49,21459.91
1/2/2021,2645.18,Saturday,2,1,2021,2494.96,4295.2,4885.94,2764.03,1460.03,2384.08,3841.14,22125.38
1/3/2021,1574.39,Sunday,3,1,2021,2645.18,2494.96,4295.2,4885.94,2764.03,1460.03,2384.08,20929.42
1/4/2021,1038.62,Monday,4,1,2021,1574.39,2645.18,2494.96,4295.2,4885.94,2764.03,1460.03,20119.73
1/5/2021,2443.25,Tuesday,5,1,2021,1038.62,1574.39,2645.18,2494.96,4295.2,4885.94,2764.03,19698.32
1/6/2021,1046.37,Wednesday,6,1,2021,2443.25,1038.62,1574.39,2645.18,2494.96,4295.2,4885.94,19377.54
1/7/2021,2094.53,Thursday,7,1,2021,1046.37,2443.25,1038.62,1574.39,2645.18,2494.96,4295.2,15537.97
1/8/2021,3964.62,Friday,8,1,2021,2094.53,1046.37,2443.25,1038.62,1574.39,2645.18,2494.96,13337.3
1/9/2021,3707.39,Saturday,9,1,2021,3964.62,2094.53,1046.37,2443.25,1038.62,1574.39,2645.18,14806.96
1/10/2021,3267.94,Sunday,10,1,2021,3707.39,3964.62,2094.53,1046.37,2443.25,1038.62,1574.39,15869.17
1/11/2021,1910.26,Monday,11,1,2021,3267.94,3707.39,3964.62,2094.53,1046.37,2443.25,1038.62,17562.72
1/12/2021,2638.58,Tuesday,12,1,2021,1910.26,3267.94,3707.39,3964.62,2094.53,1046.37,2443.25,18434.36
1/13/2021,1855.97,Wednesday,13,1,2021,2638.58,1910.26,3267.94,3707.39,3964.62,2094.53,1046.37,18629.69
1/14/2021,2756.29,Thursday,14,1,2021,1855.97,2638.58,1910.26,3267.94,3707.39,3964.62,2094.53,19439.29
1/15/2021,3944.86,Friday,15,1,2021,2756.29,1855.97,2638.58,1910.26,3267.94,3707.39,3964.62,20101.05
1/16/2021,6019.84,Saturday,16,1,2021,3944.86,2756.29,1855.97,2638.58,1910.26,3267.94,3707.39,20081.29
1/17/2021,4575.49,Sunday,17,1,2021,6019.84,3944.86,2756.29,1855.97,2638.58,1910.26,3267.94,22393.74
1/24/2021,0,Sunday,24,1,2021,4575.49,6019.84,3944.86,2756.29,1855.97,2638.58,1910.26,23701.29
1/26/2021,0,Tuesday,26,1,2021,0,4575.49,6019.84,3944.86,2756.29,1855.97,2638.58,21791.03
1/28/2021,954.55,Thursday,28,1,2021,0,0,4575.49,6019.84,3944.86,2756.29,1855.97,19152.45
2/3/2021,0,Wednesday,3,2,2021,954.55,0,0,4575.49,6019.84,3944.86,2756.29,18251.03
2/5/2021,0,Friday,5,2,2021,0,954.55,0,0,4575.49,6019.84,3944.86,15494.74
2/9/2021,3576.45,Tuesday,9,2,2021,0,0,954.55,0,0,4575.49,6019.84,11549.88
2/10/2021,1143.53,Wednesday,10,2,2021,3576.45,0,0,954.55,0,0,4575.49,9106.49
2/11/2021,3633.68,Thursday,11,2,2021,1143.53,3576.45,0,0,954.55,0,0,5674.53
2/12/2021,6119.02,Friday,12,2,2021,3633.68,1143.53,3576.45,0,0,954.55,0,9308.21
2/13/2021,5188.6,Saturday,13,2,2021,6119.02,3633.68,1143.53,3576.45,0,0,954.55,15427.23
2/16/2021,1345.27,Tuesday,16,2,2021,5188.6,6119.02,3633.68,1143.53,3576.45,0,0,19661.28
2/18/2021,3496.29,Thursday,18,2,2021,1345.27,5188.6,6119.02,3633.68,1143.53,3576.45,0,21006.55
2/19/2021,5854.86,Friday,19,2,2021,3496.29,1345.27,5188.6,6119.02,3633.68,1143.53,3576.45,24502.84
2/20/2021,7528.22,Saturday,20,2,2021,5854.86,3496.29,1345.27,5188.6,6119.02,3633.68,1143.53,26781.25
2/23/2021,3145.62,Tuesday,23,2,2021,7528.22,5854.86,3496.29,1345.27,5188.6,6119.02,3633.68,33165.94
2/24/2021,2095.57,Wednesday,24,2,2021,3145.62,7528.22,5854.86,3496.29,1345.27,5188.6,6119.02,32677.88
2/25/2021,4791.98,Thursday,25,2,2021,2095.57,3145.62,7528.22,5854.86,3496.29,1345.27,5188.6,28654.43
2/26/2021,6707.3,Friday,26,2,2021,4791.98,2095.57,3145.62,7528.22,5854.86,3496.29,1345.27,28257.81
2/27/2021,8001.91,Saturday,27,2,2021,6707.3,4791.98,2095.57,3145.62,7528.22,5854.86,3496.29,33619.84
3/1/2021,0,Monday,1,3,2021,8001.91,6707.3,4791.98,2095.57,3145.62,7528.22,5854.86,38125.46
3/2/2021,4758.1,Tuesday,2,3,2021,0,8001.91,6707.3,4791.98,2095.57,3145.62,7528.22,32270.6
3/3/2021,4351.81,Wednesday,3,3,2021,4758.1,0,8001.91,6707.3,4791.98,2095.57,3145.62,29500.48
3/4/2021,5350.71,Thursday,4,3,2021,4351.81,4758.1,0,8001.91,6707.3,4791.98,2095.57,30706.67
3/5/2021,8621.99,Friday,5,3,2021,5350.71,4351.81,4758.1,0,8001.91,6707.3,4791.98,33961.81
3/6/2021,10675.58,Saturday,6,3,2021,8621.99,5350.71,4351.81,4758.1,0,8001.91,6707.3,37791.82
3/8/2021,0,Monday,8,3,2021,10675.58,8621.99,5350.71,4351.81,4758.1,0,8001.91,41760.1
3/9/2021,4830.32,Tuesday,9,3,2021,0,10675.58,8621.99,5350.71,4351.81,4758.1,0,33758.19
3/10/2021,5276.38,Wednesday,10,3,2021,4830.32,0,10675.58,8621.99,5350.71,4351.81,4758.1,38588.51
3/11/2021,4718.43,Thursday,11,3,2021,5276.38,4830.32,0,10675.58,8621.99,5350.71,4351.81,39106.79
3/12/2021,6901.86,Friday,12,3,2021,4718.43,5276.38,4830.32,0,10675.58,8621.99,5350.71,39473.41
3/13/2021,8728.13,Saturday,13,3,2021,6901.86,4718.43,5276.38,4830.32,0,10675.58,8621.99,41024.56
3/15/2021,0,Monday,15,3,2021,8728.13,6901.86,4718.43,5276.38,4830.32,0,10675.58,41130.7
3/16/2021,5743.58,Tuesday,16,3,2021,0,8728.13,6901.86,4718.43,5276.38,4830.32,0,30455.12
3/17/2021,3915.1,Wednesday,17,3,2021,5743.58,0,8728.13,6901.86,4718.43,5276.38,4830.32,36198.7
3/18/2021,5423.96,Thursday,18,3,2021,3915.1,5743.58,0,8728.13,6901.86,4718.43,5276.38,35283.48
3/19/2021,8760.75,Friday,19,3,2021,5423.96,3915.1,5743.58,0,8728.13,6901.86,4718.43,35431.06
3/20/2021,10155.96,Saturday,20,3,2021,8760.75,5423.96,3915.1,5743.58,0,8728.13,6901.86,39473.38
3/22/2021,0,Monday,22,3,2021,10155.96,8760.75,5423.96,3915.1,5743.58,0,8728.13,42727.48
3/23/2021,5519.1,Tuesday,23,3,2021,0,10155.96,8760.75,5423.96,3915.1,5743.58,0,33999.35
3/24/2021,3352.33,Wednesday,24,3,2021,5519.1,0,10155.96,8760.75,5423.96,3915.1,5743.58,39518.45
3/25/2021,5451.07,Thursday,25,3,2021,3352.33,5519.1,0,10155.96,8760.75,5423.96,3915.1,37127.2
3/26/2021,10973.21,Friday,26,3,2021,5451.07,3352.33,5519.1,0,10155.96,8760.75,5423.96,38663.17
3/27/2021,12320.68,Saturday,27,3,2021,10973.21,5451.07,3352.33,5519.1,0,10155.96,8760.75,44212.42
3/29/2021,0,Monday,29,3,2021,12320.68,10973.21,5451.07,3352.33,5519.1,0,10155.96,47772.35
3/30/2021,6226.03,Tuesday,30,3,2021,0,12320.68,10973.21,5451.07,3352.33,5519.1,0,37616.39
3/31/2021,3666.56,Wednesday,31,3,2021,6226.03,0,12320.68,10973.21,5451.07,3352.33,5519.1,43842.42
4/1/2021,6912.7,Thursday,1,4,2021,3666.56,6226.03,0,12320.68,10973.21,5451.07,3352.33,41989.88
4/2/2021,10537.09,Friday,2,4,2021,6912.7,3666.56,6226.03,0,12320.68,10973.21,5451.07,45550.25
4/3/2021,6820.47,Saturday,3,4,2021,10537.09,6912.7,3666.56,6226.03,0,12320.68,10973.21,50636.27
4/6/2021,6430.81,Tuesday,6,4,2021,6820.47,10537.09,6912.7,3666.56,6226.03,0,12320.68,46483.53
4/7/2021,3512.54,Wednesday,7,4,2021,6430.81,6820.47,10537.09,6912.7,3666.56,6226.03,0,40593.66
4/8/2021,6294.73,Thursday,8,4,2021,3512.54,6430.81,6820.47,10537.09,6912.7,3666.56,6226.03,44106.2
4/9/2021,10550.42,Friday,9,4,2021,6294.73,3512.54,6430.81,6820.47,10537.09,6912.7,3666.56,44174.9
4/10/2021,15096.72,Saturday,10,4,2021,10550.42,6294.73,3512.54,6430.81,6820.47,10537.09,6912.7,51058.76
4/13/2021,4959.63,Tuesday,13,4,2021,15096.72,10550.42,6294.73,3512.54,6430.81,6820.47,10537.09,59242.78
4/14/2021,4026.9,Wednesday,14,4,2021,4959.63,15096.72,10550.42,6294.73,3512.54,6430.81,6820.47,53665.32
4/15/2021,5088.29,Thursday,15,4,2021,4026.9,4959.63,15096.72,10550.42,6294.73,3512.54,6430.81,50871.75
4/16/2021,17619.42,Friday,16,4,2021,5088.29,4026.9,4959.63,15096.72,10550.42,6294.73,3512.54,49529.23
4/17/2021,24072.4,Saturday,17,4,2021,17619.42,5088.29,4026.9,4959.63,15096.72,10550.42,6294.73,63636.11
4/20/2021,9007,Tuesday,20,4,2021,24072.4,17619.42,5088.29,4026.9,4959.63,15096.72,10550.42,81413.78
4/21/2021,5370.16,Wednesday,21,4,2021,9007,24072.4,17619.42,5088.29,4026.9,4959.63,15096.72,79870.36
4/22/2021,4502.56,Thursday,22,4,2021,5370.16,9007,24072.4,17619.42,5088.29,4026.9,4959.63,70143.8
4/23/2021,8421.39,Friday,23,4,2021,4502.56,5370.16,9007,24072.4,17619.42,5088.29,4026.9,69686.73
4/24/2021,15393.63,Saturday,24,4,2021,8421.39,4502.56,5370.16,9007,24072.4,17619.42,5088.29,74081.22
4/27/2021,4471.35,Tuesday,27,4,2021,15393.63,8421.39,4502.56,5370.16,9007,24072.4,17619.42,84386.56
4/28/2021,3815.49,Wednesday,28,4,2021,4471.35,15393.63,8421.39,4502.56,5370.16,9007,24072.4,71238.49
4/29/2021,7279.94,Thursday,29,4,2021,3815.49,4471.35,15393.63,8421.39,4502.56,5370.16,9007,50981.58
4/30/2021,12824.95,Friday,30,4,2021,7279.94,3815.49,4471.35,15393.63,8421.39,4502.56,5370.16,49254.52
5/1/2021,11907.86,Saturday,1,5,2021,12824.95,7279.94,3815.49,4471.35,15393.63,8421.39,4502.56,56709.31
5/4/2021,6456.46,Tuesday,4,5,2021,11907.86,12824.95,7279.94,3815.49,4471.35,15393.63,8421.39,64114.61
5/5/2021,6708.62,Wednesday,5,5,2021,6456.46,11907.86,12824.95,7279.94,3815.49,4471.35,15393.63,62149.68
5/6/2021,8143,Thursday,6,5,2021,6708.62,6456.46,11907.86,12824.95,7279.94,3815.49,4471.35,53464.67
5/7/2021,10823.56,Friday,7,5,2021,8143,6708.62,6456.46,11907.86,12824.95,7279.94,3815.49,57136.32
5/8/2021,15177.39,Saturday,8,5,2021,10823.56,8143,6708.62,6456.46,11907.86,12824.95,7279.94,64144.39
5/11/2021,5381.79,Tuesday,11,5,2021,15177.39,10823.56,8143,6708.62,6456.46,11907.86,12824.95,72041.84
5/12/2021,6468.53,Wednesday,12,5,2021,5381.79,15177.39,10823.56,8143,6708.62,6456.46,11907.86,64598.68
5/13/2021,9314.52,Thursday,13,5,2021,6468.53,5381.79,15177.39,10823.56,8143,6708.62,6456.46,59159.35
5/14/2021,15657.82,Friday,14,5,2021,9314.52,6468.53,5381.79,15177.39,10823.56,8143,6708.62,62017.41
5/15/2021,22859.06,Saturday,15,5,2021,15657.82,9314.52,6468.53,5381.79,15177.39,10823.56,8143,70966.61
5/16/2021,5992.1,Sunday,16,5,2021,22859.06,15657.82,9314.52,6468.53,5381.79,15177.39,10823.56,85682.67
5/18/2021,6380.89,Tuesday,18,5,2021,5992.1,22859.06,15657.82,9314.52,6468.53,5381.79,15177.39,80851.21
5/19/2021,3652.36,Wednesday,19,5,2021,6380.89,5992.1,22859.06,15657.82,9314.52,6468.53,5381.79,72054.71
5/20/2021,5276.86,Thursday,20,5,2021,3652.36,6380.89,5992.1,22859.06,15657.82,9314.52,6468.53,70325.28
5/21/2021,8031.82,Friday,21,5,2021,5276.86,3652.36,6380.89,5992.1,22859.06,15657.82,9314.52,69133.61
5/22/2021,8007.9,Saturday,22,5,2021,8031.82,5276.86,3652.36,6380.89,5992.1,22859.06,15657.82,67850.91
5/25/2021,3385.11,Tuesday,25,5,2021,8007.9,8031.82,5276.86,3652.36,6380.89,5992.1,22859.06,60200.99
5/26/2021,4132.35,Wednesday,26,5,2021,3385.11,8007.9,8031.82,5276.86,3652.36,6380.89,5992.1,40727.04
5/27/2021,2215.26,Thursday,27,5,2021,4132.35,3385.11,8007.9,8031.82,5276.86,3652.36,6380.89,38867.29
5/28/2021,10857.9,Friday,28,5,2021,2215.26,4132.35,3385.11,8007.9,8031.82,5276.86,3652.36,34701.66
5/29/2021,8496.2,Saturday,29,5,2021,10857.9,2215.26,4132.35,3385.11,8007.9,8031.82,5276.86,41907.2
6/1/2021,4986.74,Tuesday,1,6,2021,8496.2,10857.9,2215.26,4132.35,3385.11,8007.9,8031.82,45126.54
6/2/2021,3520.51,Wednesday,2,6,2021,4986.74,8496.2,10857.9,2215.26,4132.35,3385.11,8007.9,42081.46
6/3/2021,5850.75,Thursday,3,6,2021,3520.51,4986.74,8496.2,10857.9,2215.26,4132.35,3385.11,37594.07
6/4/2021,9334.9,Friday,4,6,2021,5850.75,3520.51,4986.74,8496.2,10857.9,2215.26,4132.35,40059.71
6/5/2021,7444.82,Saturday,5,6,2021,9334.9,5850.75,3520.51,4986.74,8496.2,10857.9,2215.26,45262.26
6/8/2021,4804.77,Tuesday,8,6,2021,7444.82,9334.9,5850.75,3520.51,4986.74,8496.2,10857.9,50491.82
6/9/2021,2817.84,Wednesday,9,6,2021,4804.77,7444.82,9334.9,5850.75,3520.51,4986.74,8496.2,44438.69
6/10/2021,4718.56,Thursday,10,6,2021,2817.84,4804.77,7444.82,9334.9,5850.75,3520.51,4986.74,38760.33
6/11/2021,7302.87,Friday,11,6,2021,4718.56,2817.84,4804.77,7444.82,9334.9,5850.75,3520.51,38492.15
6/12/2021,8231.68,Saturday,12,6,2021,7302.87,4718.56,2817.84,4804.77,7444.82,9334.9,5850.75,42274.51
6/14/2021,0,Monday,14,6,2021,8231.68,7302.87,4718.56,2817.84,4804.77,7444.82,9334.9,44655.44
6/15/2021,4456.15,Tuesday,15,6,2021,0,8231.68,7302.87,4718.56,2817.84,4804.77,7444.82,35320.54
6/16/2021,4836.12,Wednesday,16,6,2021,4456.15,0,8231.68,7302.87,4718.56,2817.84,4804.77,32331.87
6/17/2021,3678.02,Thursday,17,6,2021,4836.12,4456.15,0,8231.68,7302.87,4718.56,2817.84,32363.22
6/18/2021,6728.86,Friday,18,6,2021,3678.02,4836.12,4456.15,0,8231.68,7302.87,4718.56,33223.4
6/19/2021,14912.94,Saturday,19,6,2021,6728.86,3678.02,4836.12,4456.15,0,8231.68,7302.87,35233.7
6/21/2021,196.21,Monday,21,6,2021,14912.94,6728.86,3678.02,4836.12,4456.15,0,8231.68,42843.77
6/22/2021,5363.52,Tuesday,22,6,2021,196.21,14912.94,6728.86,3678.02,4836.12,4456.15,0,34808.3
6/23/2021,3739.54,Wednesday,23,6,2021,5363.52,196.21,14912.94,6728.86,3678.02,4836.12,4456.15,40171.82
6/24/2021,4368.97,Thursday,24,6,2021,3739.54,5363.52,196.21,14912.94,6728.86,3678.02,4836.12,39455.21
6/25/2021,8521.07,Friday,25,6,2021,4368.97,3739.54,5363.52,196.21,14912.94,6728.86,3678.02,38988.06
6/26/2021,7772.63,Saturday,26,6,2021,8521.07,4368.97,3739.54,5363.52,196.21,14912.94,6728.86,43831.11
6/27/2021,0,Sunday,27,6,2021,7772.63,8521.07,4368.97,3739.54,5363.52,196.21,14912.94,44874.88
6/29/2021,3886.14,Tuesday,29,6,2021,0,7772.63,8521.07,4368.97,3739.54,5363.52,196.21,29961.94
6/30/2021,4748.36,Wednesday,30,6,2021,3886.14,0,7772.63,8521.07,4368.97,3739.54,5363.52,33651.87
7/1/2021,3062.73,Thursday,1,7,2021,4748.36,3886.14,0,7772.63,8521.07,4368.97,3739.54,33036.71
7/2/2021,6042.26,Friday,2,7,2021,3062.73,4748.36,3886.14,0,7772.63,8521.07,4368.97,32359.9
7/3/2021,5192.03,Saturday,3,7,2021,6042.26,3062.73,4748.36,3886.14,0,7772.63,8521.07,34033.19
7/5/2021,0,Monday,5,7,2021,5192.03,6042.26,3062.73,4748.36,3886.14,0,7772.63,30704.15
7/6/2021,4736.57,Tuesday,6,7,2021,0,5192.03,6042.26,3062.73,4748.36,3886.14,0,22931.52
7/7/2021,2608.25,Wednesday,7,7,2021,4736.57,0,5192.03,6042.26,3062.73,4748.36,3886.14,27668.09
7/8/2021,3801.23,Thursday,8,7,2021,2608.25,4736.57,0,5192.03,6042.26,3062.73,4748.36,26390.2
7/9/2021,8198.98,Friday,9,7,2021,3801.23,2608.25,4736.57,0,5192.03,6042.26,3062.73,25443.07
7/10/2021,8382.45,Saturday,10,7,2021,8198.98,3801.23,2608.25,4736.57,0,5192.03,6042.26,30579.32
7/11/2021,0,Sunday,11,7,2021,8382.45,8198.98,3801.23,2608.25,4736.57,0,5192.03,32919.51
7/13/2021,5371.2,Tuesday,13,7,2021,0,8382.45,8198.98,3801.23,2608.25,4736.57,0,27727.48
7/14/2021,4616.06,Wednesday,14,7,2021,5371.2,0,8382.45,8198.98,3801.23,2608.25,4736.57,33098.68
7/15/2021,4724.47,Thursday,15,7,2021,4616.06,5371.2,0,8382.45,8198.98,3801.23,2608.25,32978.17
7/16/2021,9094.29,Friday,16,7,2021,4724.47,4616.06,5371.2,0,8382.45,8198.98,3801.23,35094.39
7/17/2021,7241.87,Saturday,17,7,2021,9094.29,4724.47,4616.06,5371.2,0,8382.45,8198.98,40387.45
7/20/2021,4436.89,Tuesday,20,7,2021,7241.87,9094.29,4724.47,4616.06,5371.2,0,8382.45,39430.34
7/21/2021,3669.95,Wednesday,21,7,2021,4436.89,7241.87,9094.29,4724.47,4616.06,5371.2,0,35484.78
7/22/2021,4685.56,Thursday,22,7,2021,3669.95,4436.89,7241.87,9094.29,4724.47,4616.06,5371.2,39154.73
7/23/2021,10494.34,Friday,23,7,2021,4685.56,3669.95,4436.89,7241.87,9094.29,4724.47,4616.06,38469.09
7/24/2021,8960.29,Saturday,24,7,2021,10494.34,4685.56,3669.95,4436.89,7241.87,9094.29,4724.47,44347.37
7/27/2021,3354.25,Tuesday,27,7,2021,8960.29,10494.34,4685.56,3669.95,4436.89,7241.87,9094.29,48583.19
7/28/2021,2634.4,Wednesday,28,7,2021,3354.25,8960.29,10494.34,4685.56,3669.95,4436.89,7241.87,42843.15
7/29/2021,3054.57,Thursday,29,7,2021,2634.4,3354.25,8960.29,10494.34,4685.56,3669.95,4436.89,38235.68
7/30/2021,5578.65,Friday,30,7,2021,3054.57,2634.4,3354.25,8960.29,10494.34,4685.56,3669.95,36853.36
7/31/2021,5440.9,Saturday,31,7,2021,5578.65,3054.57,2634.4,3354.25,8960.29,10494.34,4685.56,38762.06
8/3/2021,3911.96,Tuesday,3,8,2021,5440.9,5578.65,3054.57,2634.4,3354.25,8960.29,10494.34,39517.4
8/4/2021,5085.64,Wednesday,4,8,2021,3911.96,5440.9,5578.65,3054.57,2634.4,3354.25,8960.29,32935.02
8/5/2021,5446.91,Thursday,5,8,2021,5085.64,3911.96,5440.9,5578.65,3054.57,2634.4,3354.25,29060.37
8/6/2021,8353.5,Friday,6,8,2021,5446.91,5085.64,3911.96,5440.9,5578.65,3054.57,2634.4,31153.03
8/7/2021,9523.43,Saturday,7,8,2021,8353.5,5446.91,5085.64,3911.96,5440.9,5578.65,3054.57,36872.13
8/10/2021,5867.82,Tuesday,10,8,2021,9523.43,8353.5,5446.91,5085.64,3911.96,5440.9,5578.65,43340.99
8/11/2021,7608.9,Wednesday,11,8,2021,5867.82,9523.43,8353.5,5446.91,5085.64,3911.96,5440.9,43630.16
8/12/2021,7703.34,Thursday,12,8,2021,7608.9,5867.82,9523.43,8353.5,5446.91,5085.64,3911.96,45798.16
8/13/2021,7955.66,Friday,13,8,2021,7703.34,7608.9,5867.82,9523.43,8353.5,5446.91,5085.64,49589.54
8/14/2021,9790.04,Saturday,14,8,2021,7955.66,7703.34,7608.9,5867.82,9523.43,8353.5,5446.91,52459.56
8/15/2021,0,Sunday,15,8,2021,9790.04,7955.66,7703.34,7608.9,5867.82,9523.43,8353.5,56802.69
8/17/2021,4231.08,Tuesday,17,8,2021,0,9790.04,7955.66,7703.34,7608.9,5867.82,9523.43,48449.19
8/18/2021,5005.8,Wednesday,18,8,2021,4231.08,0,9790.04,7955.66,7703.34,7608.9,5867.82,43156.84
8/19/2021,4418.81,Thursday,19,8,2021,5005.8,4231.08,0,9790.04,7955.66,7703.34,7608.9,42294.82
8/20/2021,6974.76,Friday,20,8,2021,4418.81,5005.8,4231.08,0,9790.04,7955.66,7703.34,39104.73
8/21/2021,8787.43,Saturday,21,8,2021,6974.76,4418.81,5005.8,4231.08,0,9790.04,7955.66,38376.15
8/22/2021,3689.84,Sunday,22,8,2021,8787.43,6974.76,4418.81,5005.8,4231.08,0,9790.04,39207.92
8/23/2021,0,Monday,23,8,2021,3689.84,8787.43,6974.76,4418.81,5005.8,4231.08,0,33107.72
8/24/2021,6551.15,Tuesday,24,8,2021,0,3689.84,8787.43,6974.76,4418.81,5005.8,4231.08,33107.72
8/25/2021,2798.1,Wednesday,25,8,2021,6551.15,0,3689.84,8787.43,6974.76,4418.81,5005.8,35427.79
8/26/2021,3175.43,Thursday,26,8,2021,2798.1,6551.15,0,3689.84,8787.43,6974.76,4418.81,33220.09
8/27/2021,9738.38,Friday,27,8,2021,3175.43,2798.1,6551.15,0,3689.84,8787.43,6974.76,31976.71
8/28/2021,10045.58,Saturday,28,8,2021,9738.38,3175.43,2798.1,6551.15,0,3689.84,8787.43,34740.33
8/31/2021,5433.75,Tuesday,31,8,2021,10045.58,9738.38,3175.43,2798.1,6551.15,0,3689.84,35998.48
9/1/2021,4275.76,Wednesday,1,9,2021,5433.75,10045.58,9738.38,3175.43,2798.1,6551.15,0,37742.39
9/2/2021,5762.76,Thursday,2,9,2021,4275.76,5433.75,10045.58,9738.38,3175.43,2798.1,6551.15,42018.15
9/3/2021,9734.92,Friday,3,9,2021,5762.76,4275.76,5433.75,10045.58,9738.38,3175.43,2798.1,41229.76
9/4/2021,12898.76,Saturday,4,9,2021,9734.92,5762.76,4275.76,5433.75,10045.58,9738.38,3175.43,48166.58
9/7/2021,3559.06,Tuesday,7,9,2021,12898.76,9734.92,5762.76,4275.76,5433.75,10045.58,9738.38,57889.91
9/8/2021,4030.55,Wednesday,8,9,2021,3559.06,12898.76,9734.92,5762.76,4275.76,5433.75,10045.58,51710.59
9/9/2021,4977.4,Thursday,9,9,2021,4030.55,3559.06,12898.76,9734.92,5762.76,4275.76,5433.75,45695.56
9/10/2021,10381.22,Friday,10,9,2021,4977.4,4030.55,3559.06,12898.76,9734.92,5762.76,4275.76,45239.21
9/11/2021,19960.96,Saturday,11,9,2021,10381.22,4977.4,4030.55,3559.06,12898.76,9734.92,5762.76,51344.67
9/14/2021,4902.16,Tuesday,14,9,2021,19960.96,10381.22,4977.4,4030.55,3559.06,12898.76,9734.92,65542.87
9/15/2021,3665.75,Wednesday,15,9,2021,4902.16,19960.96,10381.22,4977.4,4030.55,3559.06,12898.76,60710.11
9/16/2021,6437.4,Thursday,16,9,2021,3665.75,4902.16,19960.96,10381.22,4977.4,4030.55,3559.06,51477.1
9/17/2021,19392.9,Friday,17,9,2021,6437.4,3665.75,4902.16,19960.96,10381.22,4977.4,4030.55,54355.44
9/18/2021,31994.18,Saturday,18,9,2021,19392.9,6437.4,3665.75,4902.16,19960.96,10381.22,4977.4,69717.79
9/21/2021,4625.09,Tuesday,21,9,2021,31994.18,19392.9,6437.4,3665.75,4902.16,19960.96,10381.22,96734.57
9/22/2021,3338.79,Wednesday,22,9,2021,4625.09,31994.18,19392.9,6437.4,3665.75,4902.16,19960.96,90978.44
9/23/2021,8111.88,Thursday,23,9,2021,3338.79,4625.09,31994.18,19392.9,6437.4,3665.75,4902.16,74356.27
9/24/2021,26241.48,Friday,24,9,2021,8111.88,3338.79,4625.09,31994.18,19392.9,6437.4,3665.75,77565.99
9/25/2021,37810.21,Saturday,25,9,2021,26241.48,8111.88,3338.79,4625.09,31994.18,19392.9,6437.4,100141.72
9/26/2021,22.01,Sunday,26,9,2021,37810.21,26241.48,8111.88,3338.79,4625.09,31994.18,19392.9,131514.53
9/28/2021,4765.36,Tuesday,28,9,2021,22.01,37810.21,26241.48,8111.88,3338.79,4625.09,31994.18,112143.64
9/29/2021,5090.85,Wednesday,29,9,2021,4765.36,22.01,37810.21,26241.48,8111.88,3338.79,4625.09,84914.82
9/30/2021,4119.62,Thursday,30,9,2021,5090.85,4765.36,22.01,37810.21,26241.48,8111.88,3338.79,85380.58
10/1/2021,11853.27,Friday,1,10,2021,4119.62,5090.85,4765.36,22.01,37810.21,26241.48,8111.88,86161.41
10/2/2021,10075.01,Saturday,2,10,2021,11853.27,4119.62,5090.85,4765.36,22.01,37810.21,26241.48,89902.8
10/3/2021,0,Sunday,3,10,2021,10075.01,11853.27,4119.62,5090.85,4765.36,22.01,37810.21,73736.33
10/5/2021,4694.9,Tuesday,5,10,2021,0,10075.01,11853.27,4119.62,5090.85,4765.36,22.01,35926.12
10/6/2021,3655.73,Wednesday,6,10,2021,4694.9,0,10075.01,11853.27,4119.62,5090.85,4765.36,40599.01
10/7/2021,2379.52,Thursday,7,10,2021,3655.73,4694.9,0,10075.01,11853.27,4119.62,5090.85,39489.38
10/8/2021,4210.56,Friday,8,10,2021,2379.52,3655.73,4694.9,0,10075.01,11853.27,4119.62,36778.05
10/9/2021,5915.17,Saturday,9,10,2021,4210.56,2379.52,3655.73,4694.9,0,10075.01,11853.27,36868.99
10/11/2021,0,Monday,11,10,2021,5915.17,4210.56,2379.52,3655.73,4694.9,0,10075.01,30930.89
10/12/2021,3804.38,Tuesday,12,10,2021,0,5915.17,4210.56,2379.52,3655.73,4694.9,0,20855.88
10/13/2021,4954.96,Wednesday,13,10,2021,3804.38,0,5915.17,4210.56,2379.52,3655.73,4694.9,24660.26
10/14/2021,6651.81,Thursday,14,10,2021,4954.96,3804.38,0,5915.17,4210.56,2379.52,3655.73,24920.32
10/15/2021,16630.16,Friday,15,10,2021,6651.81,4954.96,3804.38,0,5915.17,4210.56,2379.52,27916.4
10/16/2021,41154.67,Saturday,16,10,2021,16630.16,6651.81,4954.96,3804.38,0,5915.17,4210.56,42167.04
10/17/2021,148.54,Sunday,17,10,2021,41154.67,16630.16,6651.81,4954.96,3804.38,0,5915.17,79111.15
10/18/2021,0,Monday,18,10,2021,148.54,41154.67,16630.16,6651.81,4954.96,3804.38,0,73344.52
10/19/2021,5476.46,Tuesday,19,10,2021,0,148.54,41154.67,16630.16,6651.81,4954.96,3804.38,73344.52
10/20/2021,4856.44,Wednesday,20,10,2021,5476.46,0,148.54,41154.67,16630.16,6651.81,4954.96,75016.6
10/21/2021,5793.98,Thursday,21,10,2021,4856.44,5476.46,0,148.54,41154.67,16630.16,6651.81,74918.08
10/22/2021,8844.02,Friday,22,10,2021,5793.98,4856.44,5476.46,0,148.54,41154.67,16630.16,74060.25
10/23/2021,9140.53,Saturday,23,10,2021,8844.02,5793.98,4856.44,5476.46,0,148.54,41154.67,66274.11
10/26/2021,3665.58,Tuesday,26,10,2021,9140.53,8844.02,5793.98,4856.44,5476.46,0,148.54,34259.97
10/27/2021,3621.26,Wednesday,27,10,2021,3665.58,9140.53,8844.02,5793.98,4856.44,5476.46,0,37777.01
10/28/2021,4036.04,Thursday,28,10,2021,3621.26,3665.58,9140.53,8844.02,5793.98,4856.44,5476.46,41398.27
10/29/2021,15039.83,Friday,29,10,2021,4036.04,3621.26,3665.58,9140.53,8844.02,5793.98,4856.44,39957.85
10/30/2021,32708.08,Saturday,30,10,2021,15039.83,4036.04,3621.26,3665.58,9140.53,8844.02,5793.98,50141.24
11/2/2021,4414.03,Tuesday,2,11,2021,32708.08,15039.83,4036.04,3621.26,3665.58,9140.53,8844.02,77055.34
11/3/2021,3812.99,Wednesday,3,11,2021,4414.03,32708.08,15039.83,4036.04,3621.26,3665.58,9140.53,72625.35
11/4/2021,6569.42,Thursday,4,11,2021,3812.99,4414.03,32708.08,15039.83,4036.04,3621.26,3665.58,67297.81
11/5/2021,7723.44,Friday,5,11,2021,6569.42,3812.99,4414.03,32708.08,15039.83,4036.04,3621.26,70201.65
11/6/2021,9389.35,Saturday,6,11,2021,7723.44,6569.42,3812.99,4414.03,32708.08,15039.83,4036.04,74303.83
11/8/2021,0,Monday,8,11,2021,9389.35,7723.44,6569.42,3812.99,4414.03,32708.08,15039.83,79657.14
11/9/2021,5843.68,Tuesday,9,11,2021,0,9389.35,7723.44,6569.42,3812.99,4414.03,32708.08,64617.31
11/10/2021,3573.48,Wednesday,10,11,2021,5843.68,0,9389.35,7723.44,6569.42,3812.99,4414.03,37752.91
11/11/2021,7921.5,Thursday,11,11,2021,3573.48,5843.68,0,9389.35,7723.44,6569.42,3812.99,36912.36
11/12/2021,9766.62,Friday,12,11,2021,7921.5,3573.48,5843.68,0,9389.35,7723.44,6569.42,41020.87
11/13/2021,13909.25,Saturday,13,11,2021,9766.62,7921.5,3573.48,5843.68,0,9389.35,7723.44,44218.07
11/16/2021,4190.86,Tuesday,16,11,2021,13909.25,9766.62,7921.5,3573.48,5843.68,0,9389.35,50403.88
11/17/2021,4025.45,Wednesday,17,11,2021,4190.86,13909.25,9766.62,7921.5,3573.48,5843.68,0,45205.39
11/18/2021,6474.37,Thursday,18,11,2021,4025.45,4190.86,13909.25,9766.62,7921.5,3573.48,5843.68,49230.84
11/19/2021,14975.19,Friday,19,11,2021,6474.37,4025.45,4190.86,13909.25,9766.62,7921.5,3573.48,49861.53
11/20/2021,25922.9,Saturday,20,11,2021,14975.19,6474.37,4025.45,4190.86,13909.25,9766.62,7921.5,61263.24
11/23/2021,3291.78,Tuesday,23,11,2021,25922.9,14975.19,6474.37,4025.45,4190.86,13909.25,9766.62,79264.64
11/24/2021,2588.15,Wednesday,24,11,2021,3291.78,25922.9,14975.19,6474.37,4025.45,4190.86,13909.25,72789.8
11/26/2021,3482.2,Friday,26,11,2021,2588.15,3291.78,25922.9,14975.19,6474.37,4025.45,4190.86,61468.7
11/27/2021,3112.49,Saturday,27,11,2021,3482.2,2588.15,3291.78,25922.9,14975.19,6474.37,4025.45,60760.04
11/28/2021,0,Sunday,28,11,2021,3112.49,3482.2,2588.15,3291.78,25922.9,14975.19,6474.37,59847.08
11/30/2021,6360.51,Tuesday,30,11,2021,0,3112.49,3482.2,2588.15,3291.78,25922.9,14975.19,53372.71
12/1/2021,4347.75,Wednesday,1,12,2021,6360.51,0,3112.49,3482.2,2588.15,3291.78,25922.9,44758.03
12/2/2021,4207.74,Thursday,2,12,2021,4347.75,6360.51,0,3112.49,3482.2,2588.15,3291.78,23182.88
12/3/2021,10731.87,Friday,3,12,2021,4207.74,4347.75,6360.51,0,3112.49,3482.2,2588.15,24098.84
12/4/2021,10279.21,Saturday,4,12,2021,10731.87,4207.74,4347.75,6360.51,0,3112.49,3482.2,32242.56
12/7/2021,4541.2,Tuesday,7,12,2021,10279.21,10731.87,4207.74,4347.75,6360.51,0,3112.49,39039.57
12/8/2021,2893.22,Wednesday,8,12,2021,4541.2,10279.21,10731.87,4207.74,4347.75,6360.51,0,40468.28
12/9/2021,6420.16,Thursday,9,12,2021,2893.22,4541.2,10279.21,10731.87,4207.74,4347.75,6360.51,43361.5
12/10/2021,8249.29,Friday,10,12,2021,6420.16,2893.22,4541.2,10279.21,10731.87,4207.74,4347.75,43421.15
12/11/2021,9701.3,Saturday,11,12,2021,8249.29,6420.16,2893.22,4541.2,10279.21,10731.87,4207.74,47322.69
12/13/2021,0,Monday,13,12,2021,9701.3,8249.29,6420.16,2893.22,4541.2,10279.21,10731.87,52816.25
12/14/2021,4335.84,Tuesday,14,12,2021,0,9701.3,8249.29,6420.16,2893.22,4541.2,10279.21,42084.38
12/15/2021,4045.86,Wednesday,15,12,2021,4335.84,0,9701.3,8249.29,6420.16,2893.22,4541.2,36141.01
12/16/2021,5642.08,Thursday,16,12,2021,4045.86,4335.84,0,9701.3,8249.29,6420.16,2893.22,35645.67
12/17/2021,10768.32,Friday,17,12,2021,5642.08,4045.86,4335.84,0,9701.3,8249.29,6420.16,38394.53
12/18/2021,9358.26,Saturday,18,12,2021,10768.32,5642.08,4045.86,4335.84,0,9701.3,8249.29,42742.69
12/21/2021,3270.09,Tuesday,21,12,2021,9358.26,10768.32,5642.08,4045.86,4335.84,0,9701.3,43851.66
12/22/2021,2166.52,Wednesday,22,12,2021,3270.09,9358.26,10768.32,5642.08,4045.86,4335.84,0,37420.45
12/23/2021,1926.69,Thursday,23,12,2021,2166.52,3270.09,9358.26,10768.32,5642.08,4045.86,4335.84,39586.97
12/28/2021,0,Tuesday,28,12,2021,1926.69,2166.52,3270.09,9358.26,10768.32,5642.08,4045.86,37177.82
12/29/2021,0,Wednesday,29,12,2021,0,1926.69,2166.52,3270.09,9358.26,10768.32,5642.08,33131.96
12/30/2021,2536.09,Thursday,30,12,2021,0,0,1926.69,2166.52,3270.09,9358.26,10768.32,27489.88
12/31/2021,5548.73,Friday,31,12,2021,2536.09,0,0,1926.69,2166.52,3270.09,9358.26,19257.65
1/4/2022,1762.6,Tuesday,4,1,2022,5548.73,2536.09,0,0,1926.69,2166.52,3270.09,15448.12
1/5/2022,1712.32,Wednesday,5,1,2022,1762.6,5548.73,2536.09,0,0,1926.69,2166.52,13940.63
1/6/2022,1530.45,Thursday,6,1,2022,1712.32,1762.6,5548.73,2536.09,0,0,1926.69,13486.43
1/7/2022,2651.07,Friday,7,1,2022,1530.45,1712.32,1762.6,5548.73,2536.09,0,0,13090.19
1/8/2022,4616.56,Saturday,8,1,2022,2651.07,1530.45,1712.32,1762.6,5548.73,2536.09,0,15741.26
1/10/2022,0,Monday,10,1,2022,4616.56,2651.07,1530.45,1712.32,1762.6,5548.73,2536.09,20357.82
1/11/2022,2730.75,Tuesday,11,1,2022,0,4616.56,2651.07,1530.45,1712.32,1762.6,5548.73,17821.73
1/12/2022,1962.74,Wednesday,12,1,2022,2730.75,0,4616.56,2651.07,1530.45,1712.32,1762.6,15003.75
1/13/2022,2344.81,Thursday,13,1,2022,1962.74,2730.75,0,4616.56,2651.07,1530.45,1712.32,15203.89
1/14/2022,6443.32,Friday,14,1,2022,2344.81,1962.74,2730.75,0,4616.56,2651.07,1530.45,15836.38
1/15/2022,6493.34,Saturday,15,1,2022,6443.32,2344.81,1962.74,2730.75,0,4616.56,2651.07,20749.25
1/18/2022,6465.79,Tuesday,18,1,2022,6493.34,6443.32,2344.81,1962.74,2730.75,0,4616.56,24591.52
1/19/2022,2179.33,Wednesday,19,1,2022,6465.79,6493.34,6443.32,2344.81,1962.74,2730.75,0,26440.75
1/20/2022,3592.47,Thursday,20,1,2022,2179.33,6465.79,6493.34,6443.32,2344.81,1962.74,2730.75,28620.08
1/21/2022,10538.28,Friday,21,1,2022,3592.47,2179.33,6465.79,6493.34,6443.32,2344.81,1962.74,29481.8
1/22/2022,11091.57,Saturday,22,1,2022,10538.28,3592.47,2179.33,6465.79,6493.34,6443.32,2344.81,38057.34
1/24/2022,0,Monday,24,1,2022,11091.57,10538.28,3592.47,2179.33,6465.79,6493.34,6443.32,46804.1
1/25/2022,4646.74,Tuesday,25,1,2022,0,11091.57,10538.28,3592.47,2179.33,6465.79,6493.34,40360.78
1/26/2022,4313.84,Wednesday,26,1,2022,4646.74,0,11091.57,10538.28,3592.47,2179.33,6465.79,38514.18
1/27/2022,3016.34,Thursday,27,1,2022,4313.84,4646.74,0,11091.57,10538.28,3592.47,2179.33,36362.23
1/28/2022,9074.26,Friday,28,1,2022,3016.34,4313.84,4646.74,0,11091.57,10538.28,3592.47,37199.24
1/29/2022,11439.11,Saturday,29,1,2022,9074.26,3016.34,4313.84,4646.74,0,11091.57,10538.28,42681.03
2/1/2022,3173.65,Tuesday,1,2,2022,11439.11,9074.26,3016.34,4313.84,4646.74,0,11091.57,43581.86
2/4/2022,7760.89,Friday,4,2,2022,3173.65,11439.11,9074.26,3016.34,4313.84,4646.74,0,35663.94
2/5/2022,9990.4,Saturday,5,2,2022,7760.89,3173.65,11439.11,9074.26,3016.34,4313.84,4646.74,43424.83
2/8/2022,5439.74,Tuesday,8,2,2022,9990.4,7760.89,3173.65,11439.11,9074.26,3016.34,4313.84,48768.49
2/9/2022,4048.65,Wednesday,9,2,2022,5439.74,9990.4,7760.89,3173.65,11439.11,9074.26,3016.34,49894.39
2/10/2022,3344.6,Thursday,10,2,2022,4048.65,5439.74,9990.4,7760.89,3173.65,11439.11,9074.26,50926.7
2/11/2022,10383.2,Friday,11,2,2022,3344.6,4048.65,5439.74,9990.4,7760.89,3173.65,11439.11,45197.04
2/12/2022,6834.66,Saturday,12,2,2022,10383.2,3344.6,4048.65,5439.74,9990.4,7760.89,3173.65,44141.13
2/15/2022,4050.51,Tuesday,15,2,2022,6834.66,10383.2,3344.6,4048.65,5439.74,9990.4,7760.89,47802.14
2/16/2022,5593.41,Wednesday,16,2,2022,4050.51,6834.66,10383.2,3344.6,4048.65,5439.74,9990.4,44091.76
2/17/2022,5540.6,Thursday,17,2,2022,5593.41,4050.51,6834.66,10383.2,3344.6,4048.65,5439.74,39694.77
2/18/2022,7797.21,Friday,18,2,2022,5540.6,5593.41,4050.51,6834.66,10383.2,3344.6,4048.65,39795.63
2/19/2022,9613.15,Saturday,19,2,2022,7797.21,5540.6,5593.41,4050.51,6834.66,10383.2,3344.6,43544.19
2/20/2022,0,Sunday,20,2,2022,9613.15,7797.21,5540.6,5593.41,4050.51,6834.66,10383.2,49812.74
2/22/2022,4805.13,Tuesday,22,2,2022,0,9613.15,7797.21,5540.6,5593.41,4050.51,6834.66,39429.54
2/23/2022,3144.67,Wednesday,23,2,2022,4805.13,0,9613.15,7797.21,5540.6,5593.41,4050.51,37400.01
2/24/2022,3727.98,Thursday,24,2,2022,3144.67,4805.13,0,9613.15,7797.21,5540.6,5593.41,36494.17
2/25/2022,9603.54,Friday,25,2,2022,3727.98,3144.67,4805.13,0,9613.15,7797.21,5540.6,34628.74
2/26/2022,11150.14,Saturday,26,2,2022,9603.54,3727.98,3144.67,4805.13,0,9613.15,7797.21,38691.68
2/27/2022,4.9,Sunday,27,2,2022,11150.14,9603.54,3727.98,3144.67,4805.13,0,9613.15,42044.61
3/1/2022,5713.42,Tuesday,1,3,2022,4.9,11150.14,9603.54,3727.98,3144.67,4805.13,0,32436.36
3/2/2022,4817.68,Wednesday,2,3,2022,5713.42,4.9,11150.14,9603.54,3727.98,3144.67,4805.13,38149.78
3/3/2022,7468.29,Thursday,3,3,2022,4817.68,5713.42,4.9,11150.14,9603.54,3727.98,3144.67,38162.33
3/4/2022,13126.31,Friday,4,3,2022,7468.29,4817.68,5713.42,4.9,11150.14,9603.54,3727.98,42485.95
3/5/2022,10636.17,Saturday,5,3,2022,13126.31,7468.29,4817.68,5713.42,4.9,11150.14,9603.54,51884.28
3/7/2022,0,Monday,7,3,2022,10636.17,13126.31,7468.29,4817.68,5713.42,4.9,11150.14,52916.91
3/8/2022,4380.75,Tuesday,8,3,2022,0,10636.17,13126.31,7468.29,4817.68,5713.42,4.9,41766.77
3/9/2022,3694.15,Wednesday,9,3,2022,4380.75,0,10636.17,13126.31,7468.29,4817.68,5713.42,46142.62
3/10/2022,4595.96,Thursday,10,3,2022,3694.15,4380.75,0,10636.17,13126.31,7468.29,4817.68,44123.35
3/11/2022,4872.9,Friday,11,3,2022,4595.96,3694.15,4380.75,0,10636.17,13126.31,7468.29,43901.63
3/12/2022,9462.31,Saturday,12,3,2022,4872.9,4595.96,3694.15,4380.75,0,10636.17,13126.31,41306.24
3/15/2022,3879.94,Tuesday,15,3,2022,9462.31,4872.9,4595.96,3694.15,4380.75,0,10636.17,37642.24
3/16/2022,3235.03,Wednesday,16,3,2022,3879.94,9462.31,4872.9,4595.96,3694.15,4380.75,0,30886.01
3/17/2022,2563.68,Thursday,17,3,2022,3235.03,3879.94,9462.31,4872.9,4595.96,3694.15,4380.75,34121.04
3/18/2022,2918.47,Friday,18,3,2022,2563.68,3235.03,3879.94,9462.31,4872.9,4595.96,3694.15,32303.97
3/19/2022,6597.13,Saturday,19,3,2022,2918.47,2563.68,3235.03,3879.94,9462.31,4872.9,4595.96,31528.29
3/22/2022,3477.47,Tuesday,22,3,2022,6597.13,2918.47,2563.68,3235.03,3879.94,9462.31,4872.9,33529.46
3/23/2022,3010.27,Wednesday,23,3,2022,3477.47,6597.13,2918.47,2563.68,3235.03,3879.94,9462.31,32134.03
3/24/2022,5600.25,Thursday,24,3,2022,3010.27,3477.47,6597.13,2918.47,2563.68,3235.03,3879.94,25681.99
3/25/2022,11937.91,Friday,25,3,2022,5600.25,3010.27,3477.47,6597.13,2918.47,2563.68,3235.03,27402.3
3/26/2022,15865.52,Saturday,26,3,2022,11937.91,5600.25,3010.27,3477.47,6597.13,2918.47,2563.68,36105.18
3/27/2022,0,Sunday,27,3,2022,15865.52,11937.91,5600.25,3010.27,3477.47,6597.13,2918.47,49407.02
3/28/2022,0,Monday,28,3,2022,0,15865.52,11937.91,5600.25,3010.27,3477.47,6597.13,46488.55
3/29/2022,4115.2,Tuesday,29,3,2022,0,0,15865.52,11937.91,5600.25,3010.27,3477.47,39891.42
3/30/2022,2957.87,Wednesday,30,3,2022,4115.2,0,0,15865.52,11937.91,5600.25,3010.27,40529.15
3/31/2022,6565.6,Thursday,31,3,2022,2957.87,4115.2,0,0,15865.52,11937.91,5600.25,40476.75
4/1/2022,11408.02,Friday,1,4,2022,6565.6,2957.87,4115.2,0,0,15865.52,11937.91,41442.1
4/2/2022,11683.36,Saturday,2,4,2022,11408.02,6565.6,2957.87,4115.2,0,0,15865.52,40912.21
4/5/2022,7023.48,Tuesday,5,4,2022,11683.36,11408.02,6565.6,2957.87,4115.2,0,0,36730.05
4/6/2022,3214.73,Wednesday,6,4,2022,7023.48,11683.36,11408.02,6565.6,2957.87,4115.2,0,43753.53
4/7/2022,6679.3,Thursday,7,4,2022,3214.73,7023.48,11683.36,11408.02,6565.6,2957.87,4115.2,46968.26
4/8/2022,20269.74,Friday,8,4,2022,6679.3,3214.73,7023.48,11683.36,11408.02,6565.6,2957.87,49532.36
4/9/2022,29428.51,Saturday,9,4,2022,20269.74,6679.3,3214.73,7023.48,11683.36,11408.02,6565.6,66844.23
4/12/2022,3914.99,Tuesday,12,4,2022,29428.51,20269.74,6679.3,3214.73,7023.48,11683.36,11408.02,89707.14
4/13/2022,4137.31,Wednesday,13,4,2022,3914.99,29428.51,20269.74,6679.3,3214.73,7023.48,11683.36,82214.11
4/14/2022,7330.84,Thursday,14,4,2022,4137.31,3914.99,29428.51,20269.74,6679.3,3214.73,7023.48,74668.06
4/15/2022,9196.3,Friday,15,4,2022,7330.84,4137.31,3914.99,29428.51,20269.74,6679.3,3214.73,74975.42
4/16/2022,14266.91,Saturday,16,4,2022,9196.3,7330.84,4137.31,3914.99,29428.51,20269.74,6679.3,80956.99
4/19/2022,5384.54,Tuesday,19,4,2022,14266.91,9196.3,7330.84,4137.31,3914.99,29428.51,20269.74,88544.6
4/20/2022,5204.03,Wednesday,20,4,2022,5384.54,14266.91,9196.3,7330.84,4137.31,3914.99,29428.51,73659.4
4/21/2022,6669.42,Thursday,21,4,2022,5204.03,5384.54,14266.91,9196.3,7330.84,4137.31,3914.99,49434.92
4/22/2022,6836.86,Friday,22,4,2022,6669.42,5204.03,5384.54,14266.91,9196.3,7330.84,4137.31,52189.35
4/23/2022,20494.42,Saturday,23,4,2022,6836.86,6669.42,5204.03,5384.54,14266.91,9196.3,7330.84,54888.9
4/24/2022,165.7,Sunday,24,4,2022,20494.42,6836.86,6669.42,5204.03,5384.54,14266.91,9196.3,68052.48
4/26/2022,5469.43,Tuesday,26,4,2022,165.7,20494.42,6836.86,6669.42,5204.03,5384.54,14266.91,59021.88
4/27/2022,3180.45,Wednesday,27,4,2022,5469.43,165.7,20494.42,6836.86,6669.42,5204.03,5384.54,50224.4
4/28/2022,3694.39,Thursday,28,4,2022,3180.45,5469.43,165.7,20494.42,6836.86,6669.42,5204.03,48020.31
4/29/2022,12785.71,Friday,29,4,2022,3694.39,3180.45,5469.43,165.7,20494.42,6836.86,6669.42,46510.67
4/30/2022,11930.36,Saturday,30,4,2022,12785.71,3694.39,3180.45,5469.43,165.7,20494.42,6836.86,52626.96
5/3/2022,6285.65,Tuesday,3,5,2022,11930.36,12785.71,3694.39,3180.45,5469.43,165.7,20494.42,57720.46
5/4/2022,3421.38,Wednesday,4,5,2022,6285.65,11930.36,12785.71,3694.39,3180.45,5469.43,165.7,43511.69
5/5/2022,7853.66,Thursday,5,5,2022,3421.38,6285.65,11930.36,12785.71,3694.39,3180.45,5469.43,46767.37
5/6/2022,12792.51,Friday,6,5,2022,7853.66,3421.38,6285.65,11930.36,12785.71,3694.39,3180.45,49151.6
5/7/2022,13780.63,Saturday,7,5,2022,12792.51,7853.66,3421.38,6285.65,11930.36,12785.71,3694.39,58763.66
5/10/2022,6494.4,Tuesday,10,5,2022,13780.63,12792.51,7853.66,3421.38,6285.65,11930.36,12785.71,68849.9
5/11/2022,6969.76,Wednesday,11,5,2022,6494.4,13780.63,12792.51,7853.66,3421.38,6285.65,11930.36,62558.59
5/12/2022,8314.82,Thursday,12,5,2022,6969.76,6494.4,13780.63,12792.51,7853.66,3421.38,6285.65,57597.99
5/13/2022,20731.5,Friday,13,5,2022,8314.82,6969.76,6494.4,13780.63,12792.51,7853.66,3421.38,59627.16
5/14/2022,25468.27,Saturday,14,5,2022,20731.5,8314.82,6969.76,6494.4,13780.63,12792.51,7853.66,76937.28
5/17/2022,4326.21,Tuesday,17,5,2022,25468.27,20731.5,8314.82,6969.76,6494.4,13780.63,12792.51,94551.89
5/18/2022,3932.87,Wednesday,18,5,2022,4326.21,25468.27,20731.5,8314.82,6969.76,6494.4,13780.63,86085.59
5/19/2022,3280.21,Thursday,19,5,2022,3932.87,4326.21,25468.27,20731.5,8314.82,6969.76,6494.4,76237.83
5/20/2022,5540.61,Friday,20,5,2022,3280.21,3932.87,4326.21,25468.27,20731.5,8314.82,6969.76,73023.64
5/21/2022,4995.62,Saturday,21,5,2022,5540.61,3280.21,3932.87,4326.21,25468.27,20731.5,8314.82,71594.49
5/24/2022,3807.05,Tuesday,24,5,2022,4995.62,5540.61,3280.21,3932.87,4326.21,25468.27,20731.5,68275.29
5/25/2022,3277.19,Wednesday,25,5,2022,3807.05,4995.62,5540.61,3280.21,3932.87,4326.21,25468.27,51350.84
5/26/2022,3264.5,Thursday,26,5,2022,3277.19,3807.05,4995.62,5540.61,3280.21,3932.87,4326.21,29159.76
5/27/2022,7047.56,Friday,27,5,2022,3264.5,3277.19,3807.05,4995.62,5540.61,3280.21,3932.87,28098.05
5/28/2022,4639.28,Saturday,28,5,2022,7047.56,3264.5,3277.19,3807.05,4995.62,5540.61,3280.21,31212.74
5/31/2022,3990.45,Tuesday,31,5,2022,4639.28,7047.56,3264.5,3277.19,3807.05,4995.62,5540.61,32571.81
6/1/2022,4204.91,Wednesday,1,6,2022,3990.45,4639.28,7047.56,3264.5,3277.19,3807.05,4995.62,31021.65
6/2/2022,3266.95,Thursday,2,6,2022,4204.91,3990.45,4639.28,7047.56,3264.5,3277.19,3807.05,30230.94
6/3/2022,5489.4,Friday,3,6,2022,3266.95,4204.91,3990.45,4639.28,7047.56,3264.5,3277.19,29690.84
6/4/2022,7748.77,Saturday,4,6,2022,5489.4,3266.95,4204.91,3990.45,4639.28,7047.56,3264.5,31903.05
6/7/2022,4093.41,Tuesday,7,6,2022,7748.77,5489.4,3266.95,4204.91,3990.45,4639.28,7047.56,36387.32
6/8/2022,3177.82,Wednesday,8,6,2022,4093.41,7748.77,5489.4,3266.95,4204.91,3990.45,4639.28,33433.17
6/9/2022,3240.26,Thursday,9,6,2022,3177.82,4093.41,7748.77,5489.4,3266.95,4204.91,3990.45,31971.71
6/10/2022,6984.56,Friday,10,6,2022,3240.26,3177.82,4093.41,7748.77,5489.4,3266.95,4204.91,31221.52
6/11/2022,6091.6,Saturday,11,6,2022,6984.56,3240.26,3177.82,4093.41,7748.77,5489.4,3266.95,34001.17
6/14/2022,3796.92,Tuesday,14,6,2022,6091.6,6984.56,3240.26,3177.82,4093.41,7748.77,5489.4,36825.82
6/15/2022,3202.55,Wednesday,15,6,2022,3796.92,6091.6,6984.56,3240.26,3177.82,4093.41,7748.77,35133.34
6/16/2022,5535.56,Thursday,16,6,2022,3202.55,3796.92,6091.6,6984.56,3240.26,3177.82,4093.41,30587.12
6/17/2022,7534.42,Friday,17,6,2022,5535.56,3202.55,3796.92,6091.6,6984.56,3240.26,3177.82,32029.27
6/18/2022,6661.26,Saturday,18,6,2022,7534.42,5535.56,3202.55,3796.92,6091.6,6984.56,3240.26,36385.87
6/20/2022,0,Monday,20,6,2022,6661.26,7534.42,5535.56,3202.55,3796.92,6091.6,6984.56,39806.87
6/21/2022,3842.92,Tuesday,21,6,2022,0,6661.26,7534.42,5535.56,3202.55,3796.92,6091.6,32822.31
6/22/2022,2945.61,Wednesday,22,6,2022,3842.92,0,6661.26,7534.42,5535.56,3202.55,3796.92,30573.63
6/23/2022,3113.3,Thursday,23,6,2022,2945.61,3842.92,0,6661.26,7534.42,5535.56,3202.55,29722.32
6/24/2022,5156.91,Friday,24,6,2022,3113.3,2945.61,3842.92,0,6661.26,7534.42,5535.56,29633.07
6/25/2022,6184.52,Saturday,25,6,2022,5156.91,3113.3,2945.61,3842.92,0,6661.26,7534.42,29254.42
6/28/2022,4173.48,Tuesday,28,6,2022,6184.52,5156.91,3113.3,2945.61,3842.92,0,6661.26,27904.52
6/29/2022,2421.97,Wednesday,29,6,2022,4173.48,6184.52,5156.91,3113.3,2945.61,3842.92,0,25416.74
6/30/2022,2218.84,Thursday,30,6,2022,2421.97,4173.48,6184.52,5156.91,3113.3,2945.61,3842.92,27838.71
7/1/2022,3887.69,Friday,1,7,2022,2218.84,2421.97,4173.48,6184.52,5156.91,3113.3,2945.61,26214.63
7/2/2022,2690.96,Saturday,2,7,2022,3887.69,2218.84,2421.97,4173.48,6184.52,5156.91,3113.3,27156.71
7/5/2022,2644.78,Tuesday,5,7,2022,2690.96,3887.69,2218.84,2421.97,4173.48,6184.52,5156.91,26734.37
7/6/2022,2658.66,Wednesday,6,7,2022,2644.78,2690.96,3887.69,2218.84,2421.97,4173.48,6184.52,24222.24
7/7/2022,3208.06,Thursday,7,7,2022,2658.66,2644.78,2690.96,3887.69,2218.84,2421.97,4173.48,20696.38
7/8/2022,6609.93,Friday,8,7,2022,3208.06,2658.66,2644.78,2690.96,3887.69,2218.84,2421.97,19730.96
7/9/2022,5155.05,Saturday,9,7,2022,6609.93,3208.06,2658.66,2644.78,2690.96,3887.69,2218.84,23918.92
7/12/2022,3627.11,Tuesday,12,7,2022,5155.05,6609.93,3208.06,2658.66,2644.78,2690.96,3887.69,26855.13
7/13/2022,2320.68,Wednesday,13,7,2022,3627.11,5155.05,6609.93,3208.06,2658.66,2644.78,2690.96,26594.55
7/14/2022,2820.47,Thursday,14,7,2022,2320.68,3627.11,5155.05,6609.93,3208.06,2658.66,2644.78,26224.27
7/15/2022,6646.79,Friday,15,7,2022,2820.47,2320.68,3627.11,5155.05,6609.93,3208.06,2658.66,26399.96
7/16/2022,5470.02,Saturday,16,7,2022,6646.79,2820.47,2320.68,3627.11,5155.05,6609.93,3208.06,30388.09
7/19/2022,3642.48,Tuesday,19,7,2022,5470.02,6646.79,2820.47,2320.68,3627.11,5155.05,6609.93,32650.05
7/20/2022,2121.32,Wednesday,20,7,2022,3642.48,5470.02,6646.79,2820.47,2320.68,3627.11,5155.05,29682.6
7/21/2022,2380.4,Thursday,21,7,2022,2121.32,3642.48,5470.02,6646.79,2820.47,2320.68,3627.11,26648.87
7/22/2022,7312.98,Friday,22,7,2022,2380.4,2121.32,3642.48,5470.02,6646.79,2820.47,2320.68,25402.16
7/23/2022,5126.8,Saturday,23,7,2022,7312.98,2380.4,2121.32,3642.48,5470.02,6646.79,2820.47,30394.46
7/25/2022,0,Monday,25,7,2022,5126.8,7312.98,2380.4,2121.32,3642.48,5470.02,6646.79,32700.79
7/26/2022,3548.74,Tuesday,26,7,2022,0,5126.8,7312.98,2380.4,2121.32,3642.48,5470.02,26054
7/27/2022,1709.79,Wednesday,27,7,2022,3548.74,0,5126.8,7312.98,2380.4,2121.32,3642.48,24132.72
7/28/2022,2271.02,Thursday,28,7,2022,1709.79,3548.74,0,5126.8,7312.98,2380.4,2121.32,22200.03
7/29/2022,6294.96,Friday,29,7,2022,2271.02,1709.79,3548.74,0,5126.8,7312.98,2380.4,22349.73
7/30/2022,10733.58,Saturday,30,7,2022,6294.96,2271.02,1709.79,3548.74,0,5126.8,7312.98,26264.29
7/31/2022,8.7,Sunday,31,7,2022,10733.58,6294.96,2271.02,1709.79,3548.74,0,5126.8,29684.89
8/1/2022,0,Monday,1,8,2022,8.7,10733.58,6294.96,2271.02,1709.79,3548.74,0,24566.79
8/2/2022,4166.77,Tuesday,2,8,2022,0,8.7,10733.58,6294.96,2271.02,1709.79,3548.74,24566.79
8/3/2022,2961.1,Wednesday,3,8,2022,4166.77,0,8.7,10733.58,6294.96,2271.02,1709.79,25184.82
8/4/2022,3550.83,Thursday,4,8,2022,2961.1,4166.77,0,8.7,10733.58,6294.96,2271.02,26436.13
8/5/2022,6823.5,Friday,5,8,2022,3550.83,2961.1,4166.77,0,8.7,10733.58,6294.96,27715.94
8/6/2022,7575.67,Saturday,6,8,2022,6823.5,3550.83,2961.1,4166.77,0,8.7,10733.58,28244.48
8/7/2022,0,Sunday,7,8,2022,7575.67,6823.5,3550.83,2961.1,4166.77,0,8.7,25086.57
8/8/2022,198.82,Monday,8,8,2022,0,7575.67,6823.5,3550.83,2961.1,4166.77,0,25077.87
8/9/2022,4606.67,Tuesday,9,8,2022,198.82,0,7575.67,6823.5,3550.83,2961.1,4166.77,25276.69
8/10/2022,6469.09,Wednesday,10,8,2022,4606.67,198.82,0,7575.67,6823.5,3550.83,2961.1,25716.59
8/11/2022,4861.28,Thursday,11,8,2022,6469.09,4606.67,198.82,0,7575.67,6823.5,3550.83,29224.58
8/12/2022,8592.37,Friday,12,8,2022,4861.28,6469.09,4606.67,198.82,0,7575.67,6823.5,30535.03
8/13/2022,7759.49,Saturday,13,8,2022,8592.37,4861.28,6469.09,4606.67,198.82,0,7575.67,32303.9
8/16/2022,5933.66,Tuesday,16,8,2022,7759.49,8592.37,4861.28,6469.09,4606.67,198.82,0,32487.72
8/17/2022,5553.25,Wednesday,17,8,2022,5933.66,7759.49,8592.37,4861.28,6469.09,4606.67,198.82,38421.38
8/18/2022,4937.83,Thursday,18,8,2022,5553.25,5933.66,7759.49,8592.37,4861.28,6469.09,4606.67,43775.81
8/19/2022,11105.46,Friday,19,8,2022,4937.83,5553.25,5933.66,7759.49,8592.37,4861.28,6469.09,44106.97
8/20/2022,9689.26,Saturday,20,8,2022,11105.46,4937.83,5553.25,5933.66,7759.49,8592.37,4861.28,48743.34
8/21/2022,0,Sunday,21,8,2022,9689.26,11105.46,4937.83,5553.25,5933.66,7759.49,8592.37,53571.32
8/23/2022,5389.18,Tuesday,23,8,2022,0,9689.26,11105.46,4937.83,5553.25,5933.66,7759.49,44978.95
8/24/2022,4932.66,Wednesday,24,8,2022,5389.18,0,9689.26,11105.46,4937.83,5553.25,5933.66,42608.64
8/25/2022,4657.63,Thursday,25,8,2022,4932.66,5389.18,0,9689.26,11105.46,4937.83,5553.25,41607.64
8/26/2022,10813.51,Friday,26,8,2022,4657.63,4932.66,5389.18,0,9689.26,11105.46,4937.83,40712.02
8/27/2022,13496.56,Saturday,27,8,2022,10813.51,4657.63,4932.66,5389.18,0,9689.26,11105.46,46587.7
8/28/2022,0,Sunday,28,8,2022,13496.56,10813.51,4657.63,4932.66,5389.18,0,9689.26,48978.8
8/30/2022,3757.63,Tuesday,30,8,2022,0,13496.56,10813.51,4657.63,4932.66,5389.18,0,39289.54
8/31/2022,4007.69,Wednesday,31,8,2022,3757.63,0,13496.56,10813.51,4657.63,4932.66,5389.18,43047.17
9/1/2022,6131.72,Thursday,1,9,2022,4007.69,3757.63,0,13496.56,10813.51,4657.63,4932.66,41665.68
9/2/2022,12928.63,Friday,2,9,2022,6131.72,4007.69,3757.63,0,13496.56,10813.51,4657.63,42864.74
9/3/2022,26243.07,Saturday,3,9,2022,12928.63,6131.72,4007.69,3757.63,0,13496.56,10813.51,51135.74
9/5/2022,0,Monday,5,9,2022,26243.07,12928.63,6131.72,4007.69,3757.63,0,13496.56,66565.3
9/6/2022,4704.44,Tuesday,6,9,2022,0,26243.07,12928.63,6131.72,4007.69,3757.63,0,53068.74
9/7/2022,3179.52,Wednesday,7,9,2022,4704.44,0,26243.07,12928.63,6131.72,4007.69,3757.63,57773.18
9/8/2022,5201.58,Thursday,8,9,2022,3179.52,4704.44,0,26243.07,12928.63,6131.72,4007.69,57195.07
9/9/2022,11154.3,Friday,9,9,2022,5201.58,3179.52,4704.44,0,26243.07,12928.63,6131.72,58388.96
9/10/2022,24257.47,Saturday,10,9,2022,11154.3,5201.58,3179.52,4704.44,0,26243.07,12928.63,63411.54
9/11/2022,0,Sunday,11,9,2022,24257.47,11154.3,5201.58,3179.52,4704.44,0,26243.07,74740.38
9/13/2022,3678.37,Tuesday,13,9,2022,0,24257.47,11154.3,5201.58,3179.52,4704.44,0,48497.31
9/14/2022,6545.97,Wednesday,14,9,2022,3678.37,0,24257.47,11154.3,5201.58,3179.52,4704.44,52175.68
9/15/2022,4481.49,Thursday,15,9,2022,6545.97,3678.37,0,24257.47,11154.3,5201.58,3179.52,54017.21
9/16/2022,7888.29,Friday,16,9,2022,4481.49,6545.97,3678.37,0,24257.47,11154.3,5201.58,55319.18
9/17/2022,10653.35,Saturday,17,9,2022,7888.29,4481.49,6545.97,3678.37,0,24257.47,11154.3,58005.89
9/19/2022,0,Monday,19,9,2022,10653.35,7888.29,4481.49,6545.97,3678.37,0,24257.47,57504.94
9/20/2022,3689.62,Tuesday,20,9,2022,0,10653.35,7888.29,4481.49,6545.97,3678.37,0,33247.47
9/21/2022,2339.27,Wednesday,21,9,2022,3689.62,0,10653.35,7888.29,4481.49,6545.97,3678.37,36937.09
9/22/2022,5934.3,Thursday,22,9,2022,2339.27,3689.62,0,10653.35,7888.29,4481.49,6545.97,35597.99
9/23/2022,28823.31,Friday,23,9,2022,5934.3,2339.27,3689.62,0,10653.35,7888.29,4481.49,34986.32
9/24/2022,48774.95,Saturday,24,9,2022,28823.31,5934.3,2339.27,3689.62,0,10653.35,7888.29,59328.14
9/27/2022,4962.28,Tuesday,27,9,2022,48774.95,28823.31,5934.3,2339.27,3689.62,0,10653.35,100214.8
9/28/2022,4624.83,Wednesday,28,9,2022,4962.28,48774.95,28823.31,5934.3,2339.27,3689.62,0,94523.73
9/29/2022,4749.87,Thursday,29,9,2022,4624.83,4962.28,48774.95,28823.31,5934.3,2339.27,3689.62,99148.56
9/30/2022,11169.77,Friday,30,9,2022,4749.87,4624.83,4962.28,48774.95,28823.31,5934.3,2339.27,100208.81
10/1/2022,10368.84,Saturday,1,10,2022,11169.77,4749.87,4624.83,4962.28,48774.95,28823.31,5934.3,109039.31
10/2/2022,0,Sunday,2,10,2022,10368.84,11169.77,4749.87,4624.83,4962.28,48774.95,28823.31,113473.85
10/4/2022,3382.51,Tuesday,4,10,2022,0,10368.84,11169.77,4749.87,4624.83,4962.28,48774.95,84650.54
10/5/2022,2434.87,Wednesday,5,10,2022,3382.51,0,10368.84,11169.77,4749.87,4624.83,4962.28,39258.1
10/6/2022,3550.63,Thursday,6,10,2022,2434.87,3382.51,0,10368.84,11169.77,4749.87,4624.83,36730.69
10/7/2022,3352.05,Friday,7,10,2022,3550.63,2434.87,3382.51,0,10368.84,11169.77,4749.87,35656.49
10/8/2022,3250.98,Saturday,8,10,2022,3352.05,3550.63,2434.87,3382.51,0,10368.84,11169.77,34258.67
10/11/2022,3750.86,Tuesday,11,10,2022,3250.98,3352.05,3550.63,2434.87,3382.51,0,10368.84,26339.88
10/12/2022,3141.32,Wednesday,12,10,2022,3750.86,3250.98,3352.05,3550.63,2434.87,3382.51,0,19721.9
10/13/2022,6111.07,Thursday,13,10,2022,3141.32,3750.86,3250.98,3352.05,3550.63,2434.87,3382.51,22863.22
10/14/2022,18793.7,Friday,14,10,2022,6111.07,3141.32,3750.86,3250.98,3352.05,3550.63,2434.87,25591.78
10/15/2022,29226.63,Saturday,15,10,2022,18793.7,6111.07,3141.32,3750.86,3250.98,3352.05,3550.63,41950.61
10/16/2022,0,Sunday,16,10,2022,29226.63,18793.7,6111.07,3141.32,3750.86,3250.98,3352.05,67626.61
10/18/2022,3847.17,Tuesday,18,10,2022,0,29226.63,18793.7,6111.07,3141.32,3750.86,3250.98,64274.56
10/19/2022,3123.59,Wednesday,19,10,2022,3847.17,0,29226.63,18793.7,6111.07,3141.32,3750.86,64870.75
10/20/2022,3564.72,Thursday,20,10,2022,3123.59,3847.17,0,29226.63,18793.7,6111.07,3141.32,64243.48
10/21/2022,9088.33,Friday,21,10,2022,3564.72,3123.59,3847.17,0,29226.63,18793.7,6111.07,64666.88
10/22/2022,9719.41,Saturday,22,10,2022,9088.33,3564.72,3123.59,3847.17,0,29226.63,18793.7,67644.14
10/25/2022,5080.15,Tuesday,25,10,2022,9719.41,9088.33,3564.72,3123.59,3847.17,0,29226.63,58569.85
10/26/2022,3351.7,Wednesday,26,10,2022,5080.15,9719.41,9088.33,3564.72,3123.59,3847.17,0,34423.37
10/27/2022,3294.58,Thursday,27,10,2022,3351.7,5080.15,9719.41,9088.33,3564.72,3123.59,3847.17,37775.07
10/28/2022,7137.32,Friday,28,10,2022,3294.58,3351.7,5080.15,9719.41,9088.33,3564.72,3123.59,37222.48
10/29/2022,7230.23,Saturday,29,10,2022,7137.32,3294.58,3351.7,5080.15,9719.41,9088.33,3564.72,41236.21
10/30/2022,0,Sunday,30,10,2022,7230.23,7137.32,3294.58,3351.7,5080.15,9719.41,9088.33,44901.72
11/1/2022,3268.75,Tuesday,1,11,2022,0,7230.23,7137.32,3294.58,3351.7,5080.15,9719.41,35813.39
11/2/2022,3544.72,Wednesday,2,11,2022,3268.75,0,7230.23,7137.32,3294.58,3351.7,5080.15,29362.73
11/3/2022,3714.93,Thursday,3,11,2022,3544.72,3268.75,0,7230.23,7137.32,3294.58,3351.7,27827.3
11/4/2022,14361.31,Friday,4,11,2022,3714.93,3544.72,3268.75,0,7230.23,7137.32,3294.58,28190.53
11/5/2022,43619.24,Saturday,5,11,2022,14361.31,3714.93,3544.72,3268.75,0,7230.23,7137.32,39257.26
11/6/2022,0,Sunday,6,11,2022,43619.24,14361.31,3714.93,3544.72,3268.75,0,7230.23,75739.18
11/8/2022,4838.54,Tuesday,8,11,2022,0,43619.24,14361.31,3714.93,3544.72,3268.75,0,68508.95
11/9/2022,5111.72,Wednesday,9,11,2022,4838.54,0,43619.24,14361.31,3714.93,3544.72,3268.75,73347.49
11/10/2022,4026.91,Thursday,10,11,2022,5111.72,4838.54,0,43619.24,14361.31,3714.93,3544.72,75190.46
11/11/2022,7289.45,Friday,11,11,2022,4026.91,5111.72,4838.54,0,43619.24,14361.31,3714.93,75672.65
11/12/2022,9436.48,Saturday,12,11,2022,7289.45,4026.91,5111.72,4838.54,0,43619.24,14361.31,79247.17
11/13/2022,0,Sunday,13,11,2022,9436.48,7289.45,4026.91,5111.72,4838.54,0,43619.24,74322.34
11/15/2022,4697.02,Tuesday,15,11,2022,0,9436.48,7289.45,4026.91,5111.72,4838.54,0,30703.1
11/16/2022,3086.49,Wednesday,16,11,2022,4697.02,0,9436.48,7289.45,4026.91,5111.72,4838.54,35400.12
11/17/2022,4305.59,Thursday,17,11,2022,3086.49,4697.02,0,9436.48,7289.45,4026.91,5111.72,33648.07
11/18/2022,15057.99,Friday,18,11,2022,4305.59,3086.49,4697.02,0,9436.48,7289.45,4026.91,32841.94
11/19/2022,41209.54,Saturday,19,11,2022,15057.99,4305.59,3086.49,4697.02,0,9436.48,7289.45,43873.02
11/20/2022,0,Sunday,20,11,2022,41209.54,15057.99,4305.59,3086.49,4697.02,0,9436.48,77793.11
11/21/2022,126.52,Monday,21,11,2022,0,41209.54,15057.99,4305.59,3086.49,4697.02,0,68356.63
11/22/2022,3396.8,Tuesday,22,11,2022,126.52,0,41209.54,15057.99,4305.59,3086.49,4697.02,68483.15
11/23/2022,946.2,Wednesday,23,11,2022,3396.8,126.52,0,41209.54,15057.99,4305.59,3086.49,67182.93
11/25/2022,3427.72,Friday,25,11,2022,946.2,3396.8,126.52,0,41209.54,15057.99,4305.59,65042.64
11/26/2022,3392.73,Saturday,26,11,2022,3427.72,946.2,3396.8,126.52,0,41209.54,15057.99,64164.77
11/27/2022,0,Sunday,27,11,2022,3392.73,3427.72,946.2,3396.8,126.52,0,41209.54,52499.51
11/28/2022,0,Monday,28,11,2022,0,3392.73,3427.72,946.2,3396.8,126.52,0,11289.97
11/29/2022,4270.23,Tuesday,29,11,2022,0,0,3392.73,3427.72,946.2,3396.8,126.52,11289.97
11/30/2022,1603.43,Wednesday,30,11,2022,4270.23,0,0,3392.73,3427.72,946.2,3396.8,15433.68
12/1/2022,4610.44,Thursday,1,12,2022,1603.43,4270.23,0,0,3392.73,3427.72,946.2,13640.31
12/2/2022,10534.76,Friday,2,12,2022,4610.44,1603.43,4270.23,0,0,3392.73,3427.72,17304.55
12/3/2022,9166.81,Saturday,3,12,2022,10534.76,4610.44,1603.43,4270.23,0,0,3392.73,24411.59
12/4/2022,0,Sunday,4,12,2022,9166.81,10534.76,4610.44,1603.43,4270.23,0,0,30185.67
12/6/2022,4347.08,Tuesday,6,12,2022,0,9166.81,10534.76,4610.44,1603.43,4270.23,0,30185.67
12/7/2022,2633.03,Wednesday,7,12,2022,4347.08,0,9166.81,10534.76,4610.44,1603.43,4270.23,34532.75
12/8/2022,5313.34,Thursday,8,12,2022,2633.03,4347.08,0,9166.81,10534.76,4610.44,1603.43,32895.55
12/9/2022,11378.89,Friday,9,12,2022,5313.34,2633.03,4347.08,0,9166.81,10534.76,4610.44,36605.46
12/10/2022,7401.16,Saturday,10,12,2022,11378.89,5313.34,2633.03,4347.08,0,9166.81,10534.76,43373.91
12/11/2022,0,Sunday,11,12,2022,7401.16,11378.89,5313.34,2633.03,4347.08,0,9166.81,40240.31
12/13/2022,4457.7,Tuesday,13,12,2022,0,7401.16,11378.89,5313.34,2633.03,4347.08,0,31073.5
12/14/2022,4034.95,Wednesday,14,12,2022,4457.7,0,7401.16,11378.89,5313.34,2633.03,4347.08,35531.2
12/15/2022,6650.45,Thursday,15,12,2022,4034.95,4457.7,0,7401.16,11378.89,5313.34,2633.03,35219.07
12/16/2022,12216.92,Friday,16,12,2022,6650.45,4034.95,4457.7,0,7401.16,11378.89,5313.34,39236.49
12/17/2022,14786.88,Saturday,17,12,2022,12216.92,6650.45,4034.95,4457.7,0,7401.16,11378.89,46140.07
12/19/2022,0,Monday,19,12,2022,14786.88,12216.92,6650.45,4034.95,4457.7,0,7401.16,49548.06
12/20/2022,2326.08,Tuesday,20,12,2022,0,14786.88,12216.92,6650.45,4034.95,4457.7,0,42146.9
12/21/2022,1469.58,Wednesday,21,12,2022,2326.08,0,14786.88,12216.92,6650.45,4034.95,4457.7,44472.98
12/22/2022,1255.99,Thursday,22,12,2022,1469.58,2326.08,0,14786.88,12216.92,6650.45,4034.95,41484.86
12/23/2022,2474.66,Friday,23,12,2022,1255.99,1469.58,2326.08,0,14786.88,12216.92,6650.45,38705.9
12/27/2022,2255.05,Tuesday,27,12,2022,2474.66,1255.99,1469.58,2326.08,0,14786.88,12216.92,34530.11
12/28/2022,1621.48,Wednesday,28,12,2022,2255.05,2474.66,1255.99,1469.58,2326.08,0,14786.88,24568.24
12/29/2022,1355.14,Thursday,29,12,2022,1621.48,2255.05,2474.66,1255.99,1469.58,2326.08,0,11402.84
12/30/2022,5115.48,Friday,30,12,2022,1355.14,1621.48,2255.05,2474.66,1255.99,1469.58,2326.08,12757.98
12/31/2022,7240.3,Saturday,31,12,2022,5115.48,1355.14,1621.48,2255.05,2474.66,1255.99,1469.58,15547.38
1/3/2023,2076.34,Tuesday,3,1,2023,7240.3,5115.48,1355.14,1621.48,2255.05,2474.66,1255.99,21318.1
1/4/2023,1428.59,Wednesday,4,1,2023,2076.34,7240.3,5115.48,1355.14,1621.48,2255.05,2474.66,22138.45
1/5/2023,1457.41,Thursday,5,1,2023,1428.59,2076.34,7240.3,5115.48,1355.14,1621.48,2255.05,21092.38
1/6/2023,3575.1,Friday,6,1,2023,1457.41,1428.59,2076.34,7240.3,5115.48,1355.14,1621.48,20294.74
1/7/2023,5973.09,Saturday,7,1,2023,3575.1,1457.41,1428.59,2076.34,7240.3,5115.48,1355.14,22248.36
1/9/2023,0,Monday,9,1,2023,5973.09,3575.1,1457.41,1428.59,2076.34,7240.3,5115.48,26866.31
1/10/2023,2832.82,Tuesday,10,1,2023,0,5973.09,3575.1,1457.41,1428.59,2076.34,7240.3,21750.83
1/11/2023,2296.4,Wednesday,11,1,2023,2832.82,0,5973.09,3575.1,1457.41,1428.59,2076.34,17343.35
1/12/2023,2477.86,Thursday,12,1,2023,2296.4,2832.82,0,5973.09,3575.1,1457.41,1428.59,17563.41
1/13/2023,7374.3,Friday,13,1,2023,2477.86,2296.4,2832.82,0,5973.09,3575.1,1457.41,18612.68
1/14/2023,8409.61,Saturday,14,1,2023,7374.3,2477.86,2296.4,2832.82,0,5973.09,3575.1,24529.57
1/15/2023,0,Sunday,15,1,2023,8409.61,7374.3,2477.86,2296.4,2832.82,0,5973.09,29364.08
1/16/2023,26.28,Monday,16,1,2023,0,8409.61,7374.3,2477.86,2296.4,2832.82,0,23390.99
1/17/2023,8484.86,Tuesday,17,1,2023,26.28,0,8409.61,7374.3,2477.86,2296.4,2832.82,23417.27
1/18/2023,2808.32,Wednesday,18,1,2023,8484.86,26.28,0,8409.61,7374.3,2477.86,2296.4,29069.31
1/19/2023,2920.55,Thursday,19,1,2023,2808.32,8484.86,26.28,0,8409.61,7374.3,2477.86,29581.23
1/20/2023,11609.4,Friday,20,1,2023,2920.55,2808.32,8484.86,26.28,0,8409.61,7374.3,30023.92
1/21/2023,9417.44,Saturday,21,1,2023,11609.4,2920.55,2808.32,8484.86,26.28,0,8409.61,34259.02
1/23/2023,0,Monday,23,1,2023,9417.44,11609.4,2920.55,2808.32,8484.86,26.28,0,35266.85
1/24/2023,3938.7,Tuesday,24,1,2023,0,9417.44,11609.4,2920.55,2808.32,8484.86,26.28,35266.85
1/25/2023,2193.6,Wednesday,25,1,2023,3938.7,0,9417.44,11609.4,2920.55,2808.32,8484.86,39179.27
1/26/2023,3180.5,Thursday,26,1,2023,2193.6,3938.7,0,9417.44,11609.4,2920.55,2808.32,32888.01
1/27/2023,9317.15,Friday,27,1,2023,3180.5,2193.6,3938.7,0,9417.44,11609.4,2920.55,33260.19
1/28/2023,14905.21,Saturday,28,1,2023,9317.15,3180.5,2193.6,3938.7,0,9417.44,11609.4,39656.79
